timestamp,src_service,dst_service,network_latency_seconds,payload_size_bytes,edge_request_rate_rps,edge_error_rate_ratio,time,src_id,dst_id,network_latency_seconds_norm,payload_size_bytes_norm,edge_request_rate_rps_norm,edge_error_rate_ratio_norm
1779842943,checkoutservice,cartservice,0.0,0.0,0.0,0.0,2026-05-27 00:49:03+00:00,2,1,0.0,0.0,0.0,0.0
1779842943,checkoutservice,currencyservice,0.0,0.0,0.0,0.0,2026-05-27 00:49:03+00:00,2,3,0.0,0.0,0.0,0.0
1779842943,checkoutservice,emailservice,0.0,0.0,0.0,0.0,2026-05-27 00:49:03+00:00,2,4,0.0,0.0,0.0,0.0
1779842943,checkoutservice,paymentservice,0.0,0.0,0.0,0.0,2026-05-27 00:49:03+00:00,2,6,0.0,0.0,0.0,0.0
1779842943,checkoutservice,productcatalogservice,0.0,0.0,0.0,0.0,2026-05-27 00:49:03+00:00,2,7,0.0,0.0,0.0,0.0
1779842943,checkoutservice,shippingservice,0.0,0.0,0.0,0.0,2026-05-27 00:49:03+00:00,2,9,0.0,0.0,0.0,0.0
1779842943,frontend,adservice,0.0,0.0,0.0,0.0,2026-05-27 00:49:03+00:00,5,0,0.0,0.0,0.0,0.0
1779842943,frontend,cartservice,0.0,0.0,0.0,0.0,2026-05-27 00:49:03+00:00,5,1,0.0,0.0,0.0,0.0
1779842943,frontend,checkoutservice,0.0,0.0,0.0,0.0,2026-05-27 00:49:03+00:00,5,2,0.0,0.0,0.0,0.0
1779842943,frontend,currencyservice,0.0,0.0,0.0,0.0,2026-05-27 00:49:03+00:00,5,3,0.0,0.0,0.0,0.0
1779842943,frontend,productcatalogservice,0.0,0.0,0.0,0.0,2026-05-27 00:49:03+00:00,5,7,0.0,0.0,0.0,0.0
1779842943,frontend,recommendationservice,0.0,0.0,0.0,0.0,2026-05-27 00:49:03+00:00,5,8,0.0,0.0,0.0,0.0
1779842943,frontend,shippingservice,0.0,0.0,0.0,0.0,2026-05-27 00:49:03+00:00,5,9,0.0,0.0,0.0,0.0
1779842943,recommendationservice,productcatalogservice,0.0,0.0,0.0,0.0,2026-05-27 00:49:03+00:00,8,7,0.0,0.0,0.0,0.0
1779842958,checkoutservice,cartservice,0.0,0.0,0.0,0.0,2026-05-27 00:49:18+00:00,2,1,0.0,0.0,0.0,0.0
1779842958,checkoutservice,currencyservice,0.0,0.0,0.0,0.0,2026-05-27 00:49:18+00:00,2,3,0.0,0.0,0.0,0.0
1779842958,checkoutservice,emailservice,0.0,0.0,0.0,0.0,2026-05-27 00:49:18+00:00,2,4,0.0,0.0,0.0,0.0
1779842958,checkoutservice,paymentservice,0.0,0.0,0.0,0.0,2026-05-27 00:49:18+00:00,2,6,0.0,0.0,0.0,0.0
1779842958,checkoutservice,productcatalogservice,0.0,0.0,0.0,0.0,2026-05-27 00:49:18+00:00,2,7,0.0,0.0,0.0,0.0
1779842958,checkoutservice,shippingservice,0.0,0.0,0.0,0.0,2026-05-27 00:49:18+00:00,2,9,0.0,0.0,0.0,0.0
1779842958,frontend,adservice,0.0,0.0,0.0,0.0,2026-05-27 00:49:18+00:00,5,0,0.0,0.0,0.0,0.0
1779842958,frontend,cartservice,0.0,0.0,0.0,0.0,2026-05-27 00:49:18+00:00,5,1,0.0,0.0,0.0,0.0
1779842958,frontend,checkoutservice,0.0,0.0,0.0,0.0,2026-05-27 00:49:18+00:00,5,2,0.0,0.0,0.0,0.0
1779842958,frontend,currencyservice,0.0,0.0,0.0,0.0,2026-05-27 00:49:18+00:00,5,3,0.0,0.0,0.0,0.0
1779842958,frontend,productcatalogservice,0.0,0.0,0.0,0.0,2026-05-27 00:49:18+00:00,5,7,0.0,0.0,0.0,0.0
1779842958,frontend,recommendationservice,0.0,0.0,0.0,0.0,2026-05-27 00:49:18+00:00,5,8,0.0,0.0,0.0,0.0
1779842958,frontend,shippingservice,0.0,0.0,0.0,0.0,2026-05-27 00:49:18+00:00,5,9,0.0,0.0,0.0,0.0
1779842958,recommendationservice,productcatalogservice,0.0,0.0,0.0,0.0,2026-05-27 00:49:18+00:00,8,7,0.0,0.0,0.0,0.0
1779842973,checkoutservice,cartservice,0.0,0.0,0.0,0.0,2026-05-27 00:49:33+00:00,2,1,0.0,0.0,0.0,0.0
1779842973,checkoutservice,currencyservice,0.0,0.0,0.0,0.0,2026-05-27 00:49:33+00:00,2,3,0.0,0.0,0.0,0.0
1779842973,checkoutservice,emailservice,0.0,0.0,0.0,0.0,2026-05-27 00:49:33+00:00,2,4,0.0,0.0,0.0,0.0
1779842973,checkoutservice,paymentservice,0.0,0.0,0.0,0.0,2026-05-27 00:49:33+00:00,2,6,0.0,0.0,0.0,0.0
1779842973,checkoutservice,productcatalogservice,0.0,0.0,0.0,0.0,2026-05-27 00:49:33+00:00,2,7,0.0,0.0,0.0,0.0
1779842973,checkoutservice,shippingservice,0.0,0.0,0.0,0.0,2026-05-27 00:49:33+00:00,2,9,0.0,0.0,0.0,0.0
1779842973,frontend,adservice,0.0,0.0,0.0,0.0,2026-05-27 00:49:33+00:00,5,0,0.0,0.0,0.0,0.0
1779842973,frontend,cartservice,0.0,0.0,0.0,0.0,2026-05-27 00:49:33+00:00,5,1,0.0,0.0,0.0,0.0
1779842973,frontend,checkoutservice,0.0,0.0,0.0,0.0,2026-05-27 00:49:33+00:00,5,2,0.0,0.0,0.0,0.0
1779842973,frontend,currencyservice,0.0,0.0,0.0,0.0,2026-05-27 00:49:33+00:00,5,3,0.0,0.0,0.0,0.0
1779842973,frontend,productcatalogservice,0.0,0.0,0.0,0.0,2026-05-27 00:49:33+00:00,5,7,0.0,0.0,0.0,0.0
1779842973,frontend,recommendationservice,0.0,0.0,0.0,0.0,2026-05-27 00:49:33+00:00,5,8,0.0,0.0,0.0,0.0
1779842973,frontend,shippingservice,0.0,0.0,0.0,0.0,2026-05-27 00:49:33+00:00,5,9,0.0,0.0,0.0,0.0
1779842973,recommendationservice,productcatalogservice,0.0,0.0,0.0,0.0,2026-05-27 00:49:33+00:00,8,7,0.0,0.0,0.0,0.0
1779842988,checkoutservice,cartservice,0.0,0.0,0.0,0.0,2026-05-27 00:49:48+00:00,2,1,0.0,0.0,0.0,0.0
1779842988,checkoutservice,currencyservice,0.0,0.0,0.0,0.0,2026-05-27 00:49:48+00:00,2,3,0.0,0.0,0.0,0.0
1779842988,checkoutservice,emailservice,0.0,0.0,0.0,0.0,2026-05-27 00:49:48+00:00,2,4,0.0,0.0,0.0,0.0
1779842988,checkoutservice,paymentservice,0.0,0.0,0.0,0.0,2026-05-27 00:49:48+00:00,2,6,0.0,0.0,0.0,0.0
1779842988,checkoutservice,productcatalogservice,0.0,0.0,0.0,0.0,2026-05-27 00:49:48+00:00,2,7,0.0,0.0,0.0,0.0
1779842988,checkoutservice,shippingservice,0.0,0.0,0.0,0.0,2026-05-27 00:49:48+00:00,2,9,0.0,0.0,0.0,0.0
1779842988,frontend,adservice,0.0,0.0,0.0,0.0,2026-05-27 00:49:48+00:00,5,0,0.0,0.0,0.0,0.0
1779842988,frontend,cartservice,0.0,0.0,0.0,0.0,2026-05-27 00:49:48+00:00,5,1,0.0,0.0,0.0,0.0
1779842988,frontend,checkoutservice,0.0,0.0,0.0,0.0,2026-05-27 00:49:48+00:00,5,2,0.0,0.0,0.0,0.0
1779842988,frontend,currencyservice,0.0,0.0,0.0,0.0,2026-05-27 00:49:48+00:00,5,3,0.0,0.0,0.0,0.0
1779842988,frontend,productcatalogservice,0.0,0.0,0.0,0.0,2026-05-27 00:49:48+00:00,5,7,0.0,0.0,0.0,0.0
1779842988,frontend,recommendationservice,0.0,0.0,0.0,0.0,2026-05-27 00:49:48+00:00,5,8,0.0,0.0,0.0,0.0
1779842988,frontend,shippingservice,0.0,0.0,0.0,0.0,2026-05-27 00:49:48+00:00,5,9,0.0,0.0,0.0,0.0
1779842988,recommendationservice,productcatalogservice,0.0,0.0,0.0,0.0,2026-05-27 00:49:48+00:00,8,7,0.0,0.0,0.0,0.0
1779843003,checkoutservice,cartservice,0.0,0.0,0.0,0.0,2026-05-27 00:50:03+00:00,2,1,0.0,0.0,0.0,0.0
1779843003,checkoutservice,currencyservice,0.0,0.0,0.0,0.0,2026-05-27 00:50:03+00:00,2,3,0.0,0.0,0.0,0.0
1779843003,checkoutservice,emailservice,0.0,0.0,0.0,0.0,2026-05-27 00:50:03+00:00,2,4,0.0,0.0,0.0,0.0
1779843003,checkoutservice,paymentservice,0.0,0.0,0.0,0.0,2026-05-27 00:50:03+00:00,2,6,0.0,0.0,0.0,0.0
1779843003,checkoutservice,productcatalogservice,0.0,0.0,0.0,0.0,2026-05-27 00:50:03+00:00,2,7,0.0,0.0,0.0,0.0
1779843003,checkoutservice,shippingservice,0.0,0.0,0.0,0.0,2026-05-27 00:50:03+00:00,2,9,0.0,0.0,0.0,0.0
1779843003,frontend,adservice,0.0,0.0,0.0,0.0,2026-05-27 00:50:03+00:00,5,0,0.0,0.0,0.0,0.0
1779843003,frontend,cartservice,0.0,0.0,0.0,0.0,2026-05-27 00:50:03+00:00,5,1,0.0,0.0,0.0,0.0
1779843003,frontend,checkoutservice,0.0,0.0,0.0,0.0,2026-05-27 00:50:03+00:00,5,2,0.0,0.0,0.0,0.0
1779843003,frontend,currencyservice,0.0,0.0,0.0,0.0,2026-05-27 00:50:03+00:00,5,3,0.0,0.0,0.0,0.0
1779843003,frontend,productcatalogservice,0.0,0.0,0.0,0.0,2026-05-27 00:50:03+00:00,5,7,0.0,0.0,0.0,0.0
1779843003,frontend,recommendationservice,0.0,0.0,0.0,0.0,2026-05-27 00:50:03+00:00,5,8,0.0,0.0,0.0,0.0
1779843003,frontend,shippingservice,0.0,0.0,0.0,0.0,2026-05-27 00:50:03+00:00,5,9,0.0,0.0,0.0,0.0
1779843003,recommendationservice,productcatalogservice,0.0,0.0,0.0,0.0,2026-05-27 00:50:03+00:00,8,7,0.0,0.0,0.0,0.0
1779843018,checkoutservice,cartservice,0.0,0.0,0.0,0.0,2026-05-27 00:50:18+00:00,2,1,0.0,0.0,0.0,0.0
1779843018,checkoutservice,currencyservice,0.0,0.0,0.0,0.0,2026-05-27 00:50:18+00:00,2,3,0.0,0.0,0.0,0.0
1779843018,checkoutservice,emailservice,0.0,0.0,0.0,0.0,2026-05-27 00:50:18+00:00,2,4,0.0,0.0,0.0,0.0
1779843018,checkoutservice,paymentservice,0.0,0.0,0.0,0.0,2026-05-27 00:50:18+00:00,2,6,0.0,0.0,0.0,0.0
1779843018,checkoutservice,productcatalogservice,0.0,0.0,0.0,0.0,2026-05-27 00:50:18+00:00,2,7,0.0,0.0,0.0,0.0
1779843018,checkoutservice,shippingservice,0.0,0.0,0.0,0.0,2026-05-27 00:50:18+00:00,2,9,0.0,0.0,0.0,0.0
1779843018,frontend,adservice,0.0,0.0,0.0,0.0,2026-05-27 00:50:18+00:00,5,0,0.0,0.0,0.0,0.0
1779843018,frontend,cartservice,0.0,0.0,0.0,0.0,2026-05-27 00:50:18+00:00,5,1,0.0,0.0,0.0,0.0
1779843018,frontend,checkoutservice,0.0,0.0,0.0,0.0,2026-05-27 00:50:18+00:00,5,2,0.0,0.0,0.0,0.0
1779843018,frontend,currencyservice,0.0,0.0,0.0,0.0,2026-05-27 00:50:18+00:00,5,3,0.0,0.0,0.0,0.0
1779843018,frontend,productcatalogservice,0.0,0.0,0.0,0.0,2026-05-27 00:50:18+00:00,5,7,0.0,0.0,0.0,0.0
1779843018,frontend,recommendationservice,0.0,0.0,0.0,0.0,2026-05-27 00:50:18+00:00,5,8,0.0,0.0,0.0,0.0
1779843018,frontend,shippingservice,0.0,0.0,0.0,0.0,2026-05-27 00:50:18+00:00,5,9,0.0,0.0,0.0,0.0
1779843018,recommendationservice,productcatalogservice,0.0,0.0,0.0,0.0,2026-05-27 00:50:18+00:00,8,7,0.0,0.0,0.0,0.0
1779843033,checkoutservice,cartservice,0.0,0.0,0.0,0.0,2026-05-27 00:50:33+00:00,2,1,0.0,0.0,0.0,0.0
1779843033,checkoutservice,currencyservice,0.0,0.0,0.0,0.0,2026-05-27 00:50:33+00:00,2,3,0.0,0.0,0.0,0.0
1779843033,checkoutservice,emailservice,0.0,0.0,0.0,0.0,2026-05-27 00:50:33+00:00,2,4,0.0,0.0,0.0,0.0
1779843033,checkoutservice,paymentservice,0.0,0.0,0.0,0.0,2026-05-27 00:50:33+00:00,2,6,0.0,0.0,0.0,0.0
1779843033,checkoutservice,productcatalogservice,0.0,0.0,0.0,0.0,2026-05-27 00:50:33+00:00,2,7,0.0,0.0,0.0,0.0
1779843033,checkoutservice,shippingservice,0.0,0.0,0.0,0.0,2026-05-27 00:50:33+00:00,2,9,0.0,0.0,0.0,0.0
1779843033,frontend,adservice,0.0,0.0,0.0,0.0,2026-05-27 00:50:33+00:00,5,0,0.0,0.0,0.0,0.0
1779843033,frontend,cartservice,0.0,0.0,0.0,0.0,2026-05-27 00:50:33+00:00,5,1,0.0,0.0,0.0,0.0
1779843033,frontend,checkoutservice,0.0,0.0,0.0,0.0,2026-05-27 00:50:33+00:00,5,2,0.0,0.0,0.0,0.0
1779843033,frontend,currencyservice,0.0,0.0,0.0,0.0,2026-05-27 00:50:33+00:00,5,3,0.0,0.0,0.0,0.0
1779843033,frontend,productcatalogservice,0.0,0.0,0.0,0.0,2026-05-27 00:50:33+00:00,5,7,0.0,0.0,0.0,0.0
1779843033,frontend,recommendationservice,0.0,0.0,0.0,0.0,2026-05-27 00:50:33+00:00,5,8,0.0,0.0,0.0,0.0
1779843033,frontend,shippingservice,0.0,0.0,0.0,0.0,2026-05-27 00:50:33+00:00,5,9,0.0,0.0,0.0,0.0
1779843033,recommendationservice,productcatalogservice,0.0,0.0,0.0,0.0,2026-05-27 00:50:33+00:00,8,7,0.0,0.0,0.0,0.0
1779843048,checkoutservice,cartservice,0.0,0.0,0.0,0.0,2026-05-27 00:50:48+00:00,2,1,0.0,0.0,0.0,0.0
1779843048,checkoutservice,currencyservice,0.0,0.0,0.0,0.0,2026-05-27 00:50:48+00:00,2,3,0.0,0.0,0.0,0.0
1779843048,checkoutservice,emailservice,0.0,0.0,0.0,0.0,2026-05-27 00:50:48+00:00,2,4,0.0,0.0,0.0,0.0
1779843048,checkoutservice,paymentservice,0.0,0.0,0.0,0.0,2026-05-27 00:50:48+00:00,2,6,0.0,0.0,0.0,0.0
1779843048,checkoutservice,productcatalogservice,0.0,0.0,0.0,0.0,2026-05-27 00:50:48+00:00,2,7,0.0,0.0,0.0,0.0
1779843048,checkoutservice,shippingservice,0.0,0.0,0.0,0.0,2026-05-27 00:50:48+00:00,2,9,0.0,0.0,0.0,0.0
1779843048,frontend,adservice,0.0,0.0,0.0,0.0,2026-05-27 00:50:48+00:00,5,0,0.0,0.0,0.0,0.0
1779843048,frontend,cartservice,0.0,0.0,0.0,0.0,2026-05-27 00:50:48+00:00,5,1,0.0,0.0,0.0,0.0
1779843048,frontend,checkoutservice,0.0,0.0,0.0,0.0,2026-05-27 00:50:48+00:00,5,2,0.0,0.0,0.0,0.0
1779843048,frontend,currencyservice,0.0,0.0,0.0,0.0,2026-05-27 00:50:48+00:00,5,3,0.0,0.0,0.0,0.0
1779843048,frontend,productcatalogservice,0.0,0.0,0.0,0.0,2026-05-27 00:50:48+00:00,5,7,0.0,0.0,0.0,0.0
1779843048,frontend,recommendationservice,0.0,0.0,0.0,0.0,2026-05-27 00:50:48+00:00,5,8,0.0,0.0,0.0,0.0
1779843048,frontend,shippingservice,0.0,0.0,0.0,0.0,2026-05-27 00:50:48+00:00,5,9,0.0,0.0,0.0,0.0
1779843048,recommendationservice,productcatalogservice,0.0,0.0,0.0,0.0,2026-05-27 00:50:48+00:00,8,7,0.0,0.0,0.0,0.0
1779843063,checkoutservice,cartservice,0.0,0.0,0.0,0.0,2026-05-27 00:51:03+00:00,2,1,0.0,0.0,0.0,0.0
1779843063,checkoutservice,currencyservice,0.0,0.0,0.0,0.0,2026-05-27 00:51:03+00:00,2,3,0.0,0.0,0.0,0.0
1779843063,checkoutservice,emailservice,0.0,0.0,0.0,0.0,2026-05-27 00:51:03+00:00,2,4,0.0,0.0,0.0,0.0
1779843063,checkoutservice,paymentservice,0.0,0.0,0.0,0.0,2026-05-27 00:51:03+00:00,2,6,0.0,0.0,0.0,0.0
1779843063,checkoutservice,productcatalogservice,0.0,0.0,0.0,0.0,2026-05-27 00:51:03+00:00,2,7,0.0,0.0,0.0,0.0
1779843063,checkoutservice,shippingservice,0.0,0.0,0.0,0.0,2026-05-27 00:51:03+00:00,2,9,0.0,0.0,0.0,0.0
1779843063,frontend,adservice,0.0,0.0,0.0,0.0,2026-05-27 00:51:03+00:00,5,0,0.0,0.0,0.0,0.0
1779843063,frontend,cartservice,0.0,0.0,0.0,0.0,2026-05-27 00:51:03+00:00,5,1,0.0,0.0,0.0,0.0
1779843063,frontend,checkoutservice,0.0,0.0,0.0,0.0,2026-05-27 00:51:03+00:00,5,2,0.0,0.0,0.0,0.0
1779843063,frontend,currencyservice,0.0,0.0,0.0,0.0,2026-05-27 00:51:03+00:00,5,3,0.0,0.0,0.0,0.0
1779843063,frontend,productcatalogservice,0.0,0.0,0.0,0.0,2026-05-27 00:51:03+00:00,5,7,0.0,0.0,0.0,0.0
1779843063,frontend,recommendationservice,0.0,0.0,0.0,0.0,2026-05-27 00:51:03+00:00,5,8,0.0,0.0,0.0,0.0
1779843063,frontend,shippingservice,0.0,0.0,0.0,0.0,2026-05-27 00:51:03+00:00,5,9,0.0,0.0,0.0,0.0
1779843063,recommendationservice,productcatalogservice,0.0,0.0,0.0,0.0,2026-05-27 00:51:03+00:00,8,7,0.0,0.0,0.0,0.0
1779843078,checkoutservice,cartservice,0.0,0.0,0.0,0.0,2026-05-27 00:51:18+00:00,2,1,0.0,0.0,0.0,0.0
1779843078,checkoutservice,currencyservice,0.0,0.0,0.0,0.0,2026-05-27 00:51:18+00:00,2,3,0.0,0.0,0.0,0.0
1779843078,checkoutservice,emailservice,0.0,0.0,0.0,0.0,2026-05-27 00:51:18+00:00,2,4,0.0,0.0,0.0,0.0
1779843078,checkoutservice,paymentservice,0.0,0.0,0.0,0.0,2026-05-27 00:51:18+00:00,2,6,0.0,0.0,0.0,0.0
1779843078,checkoutservice,productcatalogservice,0.0,0.0,0.0,0.0,2026-05-27 00:51:18+00:00,2,7,0.0,0.0,0.0,0.0
1779843078,checkoutservice,shippingservice,0.0,0.0,0.0,0.0,2026-05-27 00:51:18+00:00,2,9,0.0,0.0,0.0,0.0
1779843078,frontend,adservice,0.0,0.0,0.0,0.0,2026-05-27 00:51:18+00:00,5,0,0.0,0.0,0.0,0.0
1779843078,frontend,cartservice,0.0,0.0,0.0,0.0,2026-05-27 00:51:18+00:00,5,1,0.0,0.0,0.0,0.0
1779843078,frontend,checkoutservice,0.0,0.0,0.0,0.0,2026-05-27 00:51:18+00:00,5,2,0.0,0.0,0.0,0.0
1779843078,frontend,currencyservice,0.0,0.0,0.0,0.0,2026-05-27 00:51:18+00:00,5,3,0.0,0.0,0.0,0.0
1779843078,frontend,productcatalogservice,0.0,0.0,0.0,0.0,2026-05-27 00:51:18+00:00,5,7,0.0,0.0,0.0,0.0
1779843078,frontend,recommendationservice,0.0,0.0,0.0,0.0,2026-05-27 00:51:18+00:00,5,8,0.0,0.0,0.0,0.0
1779843078,frontend,shippingservice,0.0,0.0,0.0,0.0,2026-05-27 00:51:18+00:00,5,9,0.0,0.0,0.0,0.0
1779843078,recommendationservice,productcatalogservice,0.0,0.0,0.0,0.0,2026-05-27 00:51:18+00:00,8,7,0.0,0.0,0.0,0.0
1779843093,checkoutservice,cartservice,0.0,0.0,0.0,0.0,2026-05-27 00:51:33+00:00,2,1,0.0,0.0,0.0,0.0
1779843093,checkoutservice,currencyservice,0.0,0.0,0.0,0.0,2026-05-27 00:51:33+00:00,2,3,0.0,0.0,0.0,0.0
1779843093,checkoutservice,emailservice,0.0,0.0,0.0,0.0,2026-05-27 00:51:33+00:00,2,4,0.0,0.0,0.0,0.0
1779843093,checkoutservice,paymentservice,0.0,0.0,0.0,0.0,2026-05-27 00:51:33+00:00,2,6,0.0,0.0,0.0,0.0
1779843093,checkoutservice,productcatalogservice,0.0,0.0,0.0,0.0,2026-05-27 00:51:33+00:00,2,7,0.0,0.0,0.0,0.0
1779843093,checkoutservice,shippingservice,0.0,0.0,0.0,0.0,2026-05-27 00:51:33+00:00,2,9,0.0,0.0,0.0,0.0
1779843093,frontend,adservice,0.0,0.0,0.0,0.0,2026-05-27 00:51:33+00:00,5,0,0.0,0.0,0.0,0.0
1779843093,frontend,cartservice,0.0,0.0,0.0,0.0,2026-05-27 00:51:33+00:00,5,1,0.0,0.0,0.0,0.0
1779843093,frontend,checkoutservice,0.0,0.0,0.0,0.0,2026-05-27 00:51:33+00:00,5,2,0.0,0.0,0.0,0.0
1779843093,frontend,currencyservice,0.0,0.0,0.0,0.0,2026-05-27 00:51:33+00:00,5,3,0.0,0.0,0.0,0.0
1779843093,frontend,productcatalogservice,0.0,0.0,0.0,0.0,2026-05-27 00:51:33+00:00,5,7,0.0,0.0,0.0,0.0
1779843093,frontend,recommendationservice,0.0,0.0,0.0,0.0,2026-05-27 00:51:33+00:00,5,8,0.0,0.0,0.0,0.0
1779843093,frontend,shippingservice,0.0,0.0,0.0,0.0,2026-05-27 00:51:33+00:00,5,9,0.0,0.0,0.0,0.0
1779843093,recommendationservice,productcatalogservice,0.0,0.0,0.0,0.0,2026-05-27 00:51:33+00:00,8,7,0.0,0.0,0.0,0.0
1779843108,checkoutservice,cartservice,0.0,0.0,0.0,0.0,2026-05-27 00:51:48+00:00,2,1,0.0,0.0,0.0,0.0
1779843108,checkoutservice,currencyservice,0.0,0.0,0.0,0.0,2026-05-27 00:51:48+00:00,2,3,0.0,0.0,0.0,0.0
1779843108,checkoutservice,emailservice,0.0,0.0,0.0,0.0,2026-05-27 00:51:48+00:00,2,4,0.0,0.0,0.0,0.0
1779843108,checkoutservice,paymentservice,0.0,0.0,0.0,0.0,2026-05-27 00:51:48+00:00,2,6,0.0,0.0,0.0,0.0
1779843108,checkoutservice,productcatalogservice,0.0,0.0,0.0,0.0,2026-05-27 00:51:48+00:00,2,7,0.0,0.0,0.0,0.0
1779843108,checkoutservice,shippingservice,0.0,0.0,0.0,0.0,2026-05-27 00:51:48+00:00,2,9,0.0,0.0,0.0,0.0
1779843108,frontend,adservice,0.0,0.0,0.0,0.0,2026-05-27 00:51:48+00:00,5,0,0.0,0.0,0.0,0.0
1779843108,frontend,cartservice,0.0,0.0,0.0,0.0,2026-05-27 00:51:48+00:00,5,1,0.0,0.0,0.0,0.0
1779843108,frontend,checkoutservice,0.0,0.0,0.0,0.0,2026-05-27 00:51:48+00:00,5,2,0.0,0.0,0.0,0.0
1779843108,frontend,currencyservice,0.0,0.0,0.0,0.0,2026-05-27 00:51:48+00:00,5,3,0.0,0.0,0.0,0.0
1779843108,frontend,productcatalogservice,0.0,0.0,0.0,0.0,2026-05-27 00:51:48+00:00,5,7,0.0,0.0,0.0,0.0
1779843108,frontend,recommendationservice,0.0,0.0,0.0,0.0,2026-05-27 00:51:48+00:00,5,8,0.0,0.0,0.0,0.0
1779843108,frontend,shippingservice,0.0,0.0,0.0,0.0,2026-05-27 00:51:48+00:00,5,9,0.0,0.0,0.0,0.0
1779843108,recommendationservice,productcatalogservice,0.0,0.0,0.0,0.0,2026-05-27 00:51:48+00:00,8,7,0.0,0.0,0.0,0.0
1779843123,checkoutservice,cartservice,0.0,0.0,0.0,0.0,2026-05-27 00:52:03+00:00,2,1,0.0,0.0,0.0,0.0
1779843123,checkoutservice,currencyservice,0.0,0.0,0.0,0.0,2026-05-27 00:52:03+00:00,2,3,0.0,0.0,0.0,0.0
1779843123,checkoutservice,emailservice,0.0,0.0,0.0,0.0,2026-05-27 00:52:03+00:00,2,4,0.0,0.0,0.0,0.0
1779843123,checkoutservice,paymentservice,0.0,0.0,0.0,0.0,2026-05-27 00:52:03+00:00,2,6,0.0,0.0,0.0,0.0
1779843123,checkoutservice,productcatalogservice,0.0,0.0,0.0,0.0,2026-05-27 00:52:03+00:00,2,7,0.0,0.0,0.0,0.0
1779843123,checkoutservice,shippingservice,0.0,0.0,0.0,0.0,2026-05-27 00:52:03+00:00,2,9,0.0,0.0,0.0,0.0
1779843123,frontend,adservice,0.0,0.0,0.0,0.0,2026-05-27 00:52:03+00:00,5,0,0.0,0.0,0.0,0.0
1779843123,frontend,cartservice,0.0,0.0,0.0,0.0,2026-05-27 00:52:03+00:00,5,1,0.0,0.0,0.0,0.0
1779843123,frontend,checkoutservice,0.0,0.0,0.0,0.0,2026-05-27 00:52:03+00:00,5,2,0.0,0.0,0.0,0.0
1779843123,frontend,currencyservice,0.0,0.0,0.0,0.0,2026-05-27 00:52:03+00:00,5,3,0.0,0.0,0.0,0.0
1779843123,frontend,productcatalogservice,0.0,0.0,0.0,0.0,2026-05-27 00:52:03+00:00,5,7,0.0,0.0,0.0,0.0
1779843123,frontend,recommendationservice,0.0,0.0,0.0,0.0,2026-05-27 00:52:03+00:00,5,8,0.0,0.0,0.0,0.0
1779843123,frontend,shippingservice,0.0,0.0,0.0,0.0,2026-05-27 00:52:03+00:00,5,9,0.0,0.0,0.0,0.0
1779843123,recommendationservice,productcatalogservice,0.0,0.0,0.0,0.0,2026-05-27 00:52:03+00:00,8,7,0.0,0.0,0.0,0.0
1779843138,checkoutservice,cartservice,0.0,0.0,0.0,0.0,2026-05-27 00:52:18+00:00,2,1,0.0,0.0,0.0,0.0
1779843138,checkoutservice,currencyservice,0.0,0.0,0.0,0.0,2026-05-27 00:52:18+00:00,2,3,0.0,0.0,0.0,0.0
1779843138,checkoutservice,emailservice,0.0,0.0,0.0,0.0,2026-05-27 00:52:18+00:00,2,4,0.0,0.0,0.0,0.0
1779843138,checkoutservice,paymentservice,0.0,0.0,0.0,0.0,2026-05-27 00:52:18+00:00,2,6,0.0,0.0,0.0,0.0
1779843138,checkoutservice,productcatalogservice,0.0,0.0,0.0,0.0,2026-05-27 00:52:18+00:00,2,7,0.0,0.0,0.0,0.0
1779843138,checkoutservice,shippingservice,0.0,0.0,0.0,0.0,2026-05-27 00:52:18+00:00,2,9,0.0,0.0,0.0,0.0
1779843138,frontend,adservice,0.0,0.0,0.0,0.0,2026-05-27 00:52:18+00:00,5,0,0.0,0.0,0.0,0.0
1779843138,frontend,cartservice,0.0,0.0,0.0,0.0,2026-05-27 00:52:18+00:00,5,1,0.0,0.0,0.0,0.0
1779843138,frontend,checkoutservice,0.0,0.0,0.0,0.0,2026-05-27 00:52:18+00:00,5,2,0.0,0.0,0.0,0.0
1779843138,frontend,currencyservice,0.0,0.0,0.0,0.0,2026-05-27 00:52:18+00:00,5,3,0.0,0.0,0.0,0.0
1779843138,frontend,productcatalogservice,0.0,0.0,0.0,0.0,2026-05-27 00:52:18+00:00,5,7,0.0,0.0,0.0,0.0
1779843138,frontend,recommendationservice,0.0,0.0,0.0,0.0,2026-05-27 00:52:18+00:00,5,8,0.0,0.0,0.0,0.0
1779843138,frontend,shippingservice,0.0,0.0,0.0,0.0,2026-05-27 00:52:18+00:00,5,9,0.0,0.0,0.0,0.0
1779843138,recommendationservice,productcatalogservice,0.0,0.0,0.0,0.0,2026-05-27 00:52:18+00:00,8,7,0.0,0.0,0.0,0.0
1779843153,checkoutservice,cartservice,0.0,0.0,0.0,0.0,2026-05-27 00:52:33+00:00,2,1,0.0,0.0,0.0,0.0
1779843153,checkoutservice,currencyservice,0.0,0.0,0.0,0.0,2026-05-27 00:52:33+00:00,2,3,0.0,0.0,0.0,0.0
1779843153,checkoutservice,emailservice,0.0,0.0,0.0,0.0,2026-05-27 00:52:33+00:00,2,4,0.0,0.0,0.0,0.0
1779843153,checkoutservice,paymentservice,0.0,0.0,0.0,0.0,2026-05-27 00:52:33+00:00,2,6,0.0,0.0,0.0,0.0
1779843153,checkoutservice,productcatalogservice,0.0,0.0,0.0,0.0,2026-05-27 00:52:33+00:00,2,7,0.0,0.0,0.0,0.0
1779843153,checkoutservice,shippingservice,0.0,0.0,0.0,0.0,2026-05-27 00:52:33+00:00,2,9,0.0,0.0,0.0,0.0
1779843153,frontend,adservice,0.0,0.0,0.0,0.0,2026-05-27 00:52:33+00:00,5,0,0.0,0.0,0.0,0.0
1779843153,frontend,cartservice,0.0,0.0,0.0,0.0,2026-05-27 00:52:33+00:00,5,1,0.0,0.0,0.0,0.0
1779843153,frontend,checkoutservice,0.0,0.0,0.0,0.0,2026-05-27 00:52:33+00:00,5,2,0.0,0.0,0.0,0.0
1779843153,frontend,currencyservice,0.0,0.0,0.0,0.0,2026-05-27 00:52:33+00:00,5,3,0.0,0.0,0.0,0.0
1779843153,frontend,productcatalogservice,0.0,0.0,0.0,0.0,2026-05-27 00:52:33+00:00,5,7,0.0,0.0,0.0,0.0
1779843153,frontend,recommendationservice,0.0,0.0,0.0,0.0,2026-05-27 00:52:33+00:00,5,8,0.0,0.0,0.0,0.0
1779843153,frontend,shippingservice,0.0,0.0,0.0,0.0,2026-05-27 00:52:33+00:00,5,9,0.0,0.0,0.0,0.0
1779843153,recommendationservice,productcatalogservice,0.0,0.0,0.0,0.0,2026-05-27 00:52:33+00:00,8,7,0.0,0.0,0.0,0.0
1779843168,checkoutservice,cartservice,0.0,0.0,0.0,0.0,2026-05-27 00:52:48+00:00,2,1,0.0,0.0,0.0,0.0
1779843168,checkoutservice,currencyservice,0.0,0.0,0.0,0.0,2026-05-27 00:52:48+00:00,2,3,0.0,0.0,0.0,0.0
1779843168,checkoutservice,emailservice,0.0,0.0,0.0,0.0,2026-05-27 00:52:48+00:00,2,4,0.0,0.0,0.0,0.0
1779843168,checkoutservice,paymentservice,0.0,0.0,0.0,0.0,2026-05-27 00:52:48+00:00,2,6,0.0,0.0,0.0,0.0
1779843168,checkoutservice,productcatalogservice,0.0,0.0,0.0,0.0,2026-05-27 00:52:48+00:00,2,7,0.0,0.0,0.0,0.0
1779843168,checkoutservice,shippingservice,0.0,0.0,0.0,0.0,2026-05-27 00:52:48+00:00,2,9,0.0,0.0,0.0,0.0
1779843168,frontend,adservice,0.0,0.0,0.0,0.0,2026-05-27 00:52:48+00:00,5,0,0.0,0.0,0.0,0.0
1779843168,frontend,cartservice,0.0,0.0,0.0,0.0,2026-05-27 00:52:48+00:00,5,1,0.0,0.0,0.0,0.0
1779843168,frontend,checkoutservice,0.0,0.0,0.0,0.0,2026-05-27 00:52:48+00:00,5,2,0.0,0.0,0.0,0.0
1779843168,frontend,currencyservice,0.0,0.0,0.0,0.0,2026-05-27 00:52:48+00:00,5,3,0.0,0.0,0.0,0.0
1779843168,frontend,productcatalogservice,0.0,0.0,0.0,0.0,2026-05-27 00:52:48+00:00,5,7,0.0,0.0,0.0,0.0
1779843168,frontend,recommendationservice,0.0,0.0,0.0,0.0,2026-05-27 00:52:48+00:00,5,8,0.0,0.0,0.0,0.0
1779843168,frontend,shippingservice,0.0,0.0,0.0,0.0,2026-05-27 00:52:48+00:00,5,9,0.0,0.0,0.0,0.0
1779843168,recommendationservice,productcatalogservice,0.0,0.0,0.0,0.0,2026-05-27 00:52:48+00:00,8,7,0.0,0.0,0.0,0.0
1779843183,checkoutservice,cartservice,0.0,0.0,0.0,0.0,2026-05-27 00:53:03+00:00,2,1,0.0,0.0,0.0,0.0
1779843183,checkoutservice,currencyservice,0.0,0.0,0.0,0.0,2026-05-27 00:53:03+00:00,2,3,0.0,0.0,0.0,0.0
1779843183,checkoutservice,emailservice,0.0,0.0,0.0,0.0,2026-05-27 00:53:03+00:00,2,4,0.0,0.0,0.0,0.0
1779843183,checkoutservice,paymentservice,0.0,0.0,0.0,0.0,2026-05-27 00:53:03+00:00,2,6,0.0,0.0,0.0,0.0
1779843183,checkoutservice,productcatalogservice,0.0,0.0,0.0,0.0,2026-05-27 00:53:03+00:00,2,7,0.0,0.0,0.0,0.0
1779843183,checkoutservice,shippingservice,0.0,0.0,0.0,0.0,2026-05-27 00:53:03+00:00,2,9,0.0,0.0,0.0,0.0
1779843183,frontend,adservice,0.0,0.0,0.0,0.0,2026-05-27 00:53:03+00:00,5,0,0.0,0.0,0.0,0.0
1779843183,frontend,cartservice,0.0,0.0,0.0,0.0,2026-05-27 00:53:03+00:00,5,1,0.0,0.0,0.0,0.0
1779843183,frontend,checkoutservice,0.0,0.0,0.0,0.0,2026-05-27 00:53:03+00:00,5,2,0.0,0.0,0.0,0.0
1779843183,frontend,currencyservice,0.0,0.0,0.0,0.0,2026-05-27 00:53:03+00:00,5,3,0.0,0.0,0.0,0.0
1779843183,frontend,productcatalogservice,0.0245499999999999,30.55487655829871,3.733250372213951,0.0,2026-05-27 00:53:03+00:00,5,7,0.0021145564168819895,0.0002896011540332605,0.005585019406699107,0.0
1779843183,frontend,recommendationservice,0.0,0.0,0.0,0.0,2026-05-27 00:53:03+00:00,5,8,0.0,0.0,0.0,0.0
1779843183,frontend,shippingservice,0.0,0.0,0.0,0.0,2026-05-27 00:53:03+00:00,5,9,0.0,0.0,0.0,0.0
1779843183,recommendationservice,productcatalogservice,0.0,0.0,0.577764938556921,0.0,2026-05-27 00:53:03+00:00,8,7,0.0,0.0,0.000864348241512957,0.0
1779843198,checkoutservice,cartservice,0.0241000799911121,42.2248008154561,0.4444503733990862,0.0,2026-05-27 00:53:18+00:00,2,1,0.002075803616805521,0.00040020947300012654,0.0006649069077240832,0.0
1779843198,checkoutservice,currencyservice,0.0241000449999999,47.92265039891548,0.4222325932839966,0.0,2026-05-27 00:53:18+00:00,2,3,0.0020758006029285014,0.00045421407065344613,0.0006316686513135009,0.0
1779843198,checkoutservice,emailservice,0.0483750833333333,64.90616448503974,0.4000103710617744,0.0,2026-05-27 00:53:18+00:00,2,4,0.00416667384438702,0.0006151849477406871,0.0005984237494192064,0.0
1779843198,checkoutservice,paymentservice,0.0492500249999999,35.878313739434475,0.3333437043951078,0.0,2026-05-27 00:53:18+00:00,2,6,0.0042420348837209215,0.0003400570460130226,0.000498689043736323,0.0
1779843198,checkoutservice,productcatalogservice,0.00492,27.33333333333333,0.1111111111111111,0.0,2026-05-27 00:53:18+00:00,2,7,0.00042377260981912146,0.0002590671528914816,0.00016622450947147252,0.0
1779843198,checkoutservice,shippingservice,0.0241000299999999,44.93961041847234,0.4444651865679934,0.0,2026-05-27 00:53:18+00:00,2,9,0.0020757993109388373,0.0004259406191402194,0.000664929068529701,0.0
1779843198,frontend,adservice,0.045125,311.35,3.244444444444444,0.0,2026-05-27 00:53:18+00:00,5,0,0.0038867355727820845,0.002950996026320591,0.004853755676566997,0.0
1779843198,frontend,cartservice,0.024047527164252,433.99472219136135,6.088654347047858,0.0,2026-05-27 00:53:18+00:00,5,1,0.002071277102864083,0.0041134308676114215,0.009108752239614411,0.0
1779843198,frontend,checkoutservice,0.24662503750125,55.50217421902201,0.3111214821728856,0.0,2026-05-27 00:53:18+00:00,5,2,0.02124246662370801,0.000526053301983257,0.00046544414184202854,0.0
1779843198,frontend,currencyservice,0.0207700000000001,5004.888888888889,49.19999999999999,0.0,2026-05-27 00:53:18+00:00,5,3,0.00178897502153317,0.04743667006034106,0.07360421279396802,0.0
1779843198,frontend,productcatalogservice,0.0099496183206107,8218.21111111111,41.93333333333333,0.0,2026-05-27 00:53:18+00:00,5,7,0.000856986935453118,0.07789275199085471,0.06273312987453374,0.0
1779843198,frontend,recommendationservice,0.1637499999999997,312.1555555555555,3.4666666666666663,0.0,2026-05-27 00:53:18+00:00,5,8,0.014104220499569312,0.002958631135501335,0.005186204695509943,0.0
1779843198,frontend,shippingservice,0.0330000000000001,136.01111111111112,1.6666666666666663,0.0,2026-05-27 00:53:18+00:00,5,9,0.0028423772609819206,0.0012891223652620437,0.0024933676420720876,0.0
1779843198,recommendationservice,productcatalogservice,0.01645,3130.2277777777776,5.511111111111111,0.0,2026-05-27 00:53:18+00:00,8,7,0.0014168819982773471,0.029668507254538477,0.008244735669785038,0.0
1779843213,checkoutservice,cartservice,0.0209503899220156,135.708897109467,1.5554133617720898,0.0,2026-05-27 00:53:33+00:00,2,1,0.0018045124825164169,0.001286257960836316,0.002326930407773457,0.0
1779843213,checkoutservice,currencyservice,0.0223001099926671,150.13642201631004,1.466611855505929,0.0,2026-05-27 00:53:33+00:00,2,3,0.0019207674412288632,0.0014230030023321735,0.002194081526398673,0.0
1779843213,checkoutservice,emailservice,0.0453758941662594,156.2468340713753,1.0220356136115676,0.0,2026-05-27 00:53:33+00:00,2,4,0.0039083457507544704,0.0014809178945553276,0.0015289863168146244,0.0
1779843213,checkoutservice,paymentservice,0.045875,115.25,0.8666666666666666,0.0,2026-05-27 00:53:33+00:00,2,6,0.0039513350559862185,0.0010923471721003633,0.0012965511738774857,0.0
1779843213,checkoutservice,productcatalogservice,0.0089502643445809,106.47899114655452,0.6220711681759731,0.0,2026-05-27 00:53:33+00:00,2,7,0.0007709099349337554,0.0010092149663083595,0.0009306312730775732,0.0
1779843213,checkoutservice,shippingservice,0.0203499999999999,177.31666666666666,1.6888888888888889,0.0,2026-05-27 00:53:33+00:00,2,9,0.0017527993109388372,0.0016806191704954107,0.0025266125439663825,0.0
1779843213,frontend,adservice,0.0297916666666667,1455.5888888888885,11.999999999999998,0.0,2026-05-27 00:53:33+00:00,5,0,0.0025660350272753403,0.013796168386277546,0.017952247022919032,0.0
1779843213,frontend,cartservice,0.02142363443212,1967.9852818325223,20.66475149414561,0.0,2026-05-27 00:53:33+00:00,5,1,0.001845274283559001,0.01865269550841555,0.030914893624178097,0.0
1779843213,frontend,checkoutservice,0.237625,171.1111111111111,0.8444444444444443,0.0,2026-05-27 00:53:33+00:00,5,2,0.020467269595176574,0.0016218025018409825,0.001263306271983191,0.0
1779843213,frontend,currencyservice,0.015333633667316,12641.766993681904,120.64009658615352,0.0,2026-05-27 00:53:33+00:00,5,3,0.0013207264140668391,0.11981950911843937,0.18048006789861992,0.0
1779843213,frontend,productcatalogservice,0.0095603230420195,19866.322279484542,94.57937273079554,0.0,2026-05-27 00:53:33+00:00,5,7,0.0008234559037053833,0.18829432505014648,0.14149268854466449,0.0
1779843213,frontend,recommendationservice,0.0755000000000004,1308.6888888888889,11.133333333333333,0.0,2026-05-27 00:53:33+00:00,5,8,0.006503014642549561,0.012403840407261989,0.016655695849041547,0.0
1779843213,frontend,shippingservice,0.0098833333333333,502.4611111111111,5.31111111111111,0.0,2026-05-27 00:53:33+00:00,5,9,0.0008512776342233678,0.004762359859545585,0.007945531552736385,0.0
1779843213,recommendationservice,productcatalogservice,0.0098234124585054,8902.613760727429,13.174815440093004,0.0,2026-05-27 00:53:33+00:00,8,7,0.0008461164908273386,0.08437956586405541,0.01970979510515978,0.0
1779843228,checkoutservice,cartservice,0.0160014495168277,302.93592321078154,3.19951127401977,0.0,2026-05-27 00:53:48+00:00,2,1,0.0013782471590721534,0.002871246846394013,0.004786534728651442,0.0
1779843228,checkoutservice,currencyservice,0.0186,318.0777777777777,3.244444444444444,0.0,2026-05-27 00:53:48+00:00,2,3,0.0016020671834625323,0.0030147623519611562,0.004853755676566997,0.0
1779843228,checkoutservice,emailservice,0.040875,301.9833333333333,1.8666666666666665,0.0,2026-05-27 00:53:48+00:00,2,4,0.0035206718346253232,0.002862218136122412,0.0027925717591207383,0.0
1779843228,checkoutservice,paymentservice,0.0416249999999999,209.38333333333333,1.7999999999999998,0.0,2026-05-27 00:53:48+00:00,2,6,0.0035852713178294486,0.0019845491718144415,0.002692837053437855,0.0
1779843228,checkoutservice,productcatalogservice,0.0083749133256289,266.7117299315494,1.8000908722750664,0.0,2026-05-27 00:53:48+00:00,2,7,0.000721353430286727,0.002527911531077864,0.0026929730002319824,0.0
1779843228,checkoutservice,shippingservice,0.0154,353.3944444444444,3.266666666666666,0.0,2026-05-27 00:53:48+00:00,2,9,0.0013264427217915592,0.003349496069630089,0.004887000578461292,0.0
1779843228,frontend,adservice,0.0223321428571428,2599.05,19.95555555555556,0.0,2026-05-27 00:53:48+00:00,5,0,0.0019235265165497676,0.02463396891668069,0.029853921901076472,0.0
1779843228,frontend,cartservice,0.0219464814583398,3585.2323558813723,34.727868488281686,0.0,2026-05-27 00:53:48+00:00,5,1,0.0018903084804771577,0.03398107093509536,0.051953606140089884,0.0
1779843228,frontend,checkoutservice,0.2245,340.49999999999994,1.7333333333333332,0.0,2026-05-27 00:53:48+00:00,5,2,0.019336778639104223,0.0032272816668127862,0.0025931023477549714,0.0
1779843228,frontend,currencyservice,0.019498857142857,19104.022222222226,183.13333333333333,0.0,2026-05-27 00:53:48+00:00,5,3,0.0016794881259997415,0.18106919436170885,0.273971236510881,0.0
1779843228,frontend,productcatalogservice,0.0098192466797742,31976.26551249,147.8293537203307,0.0,2026-05-27 00:53:48+00:00,5,7,0.0008457576812897676,0.3030731731618119,0.22115575626882095,0.0
1779843228,frontend,recommendationservice,0.0485,2390.7222222222217,18.755555555555556,0.0,2026-05-27 00:53:48+00:00,5,8,0.004177433247200689,0.022659424370689286,0.028058697198784566,0.0
1779843228,frontend,shippingservice,0.0099838235294117,891.3277777777778,9.333333333333332,0.0,2026-05-27 00:53:48+00:00,5,9,0.0008599331205350301,0.008448064012755371,0.01396285879560369,0.0
1779843228,recommendationservice,productcatalogservice,0.0097726895469364,15090.169019468396,20.31211070613684,0.0,2026-05-27 00:53:48+00:00,8,7,0.0008417475923287167,0.14302562650700923,0.030387335746120573,0.0
1779843243,checkoutservice,cartservice,0.0098592457846498,438.98931115802986,3.911328419207072,0.0,2026-05-27 00:54:03+00:00,2,1,0.0008492029099612232,0.0041607699143233,0.005851427830780731,0.0
1779843243,checkoutservice,currencyservice,0.0207425071388191,450.9219197222222,4.711928888888888,0.0,2026-05-27 00:54:03+00:00,2,3,0.001786606988701042,0.0042738679726389275,0.007049142613980144,0.0
1779843243,checkoutservice,emailservice,0.0204,362.2333333333333,2.0666666666666664,0.0,2026-05-27 00:54:03+00:00,2,4,0.001757105943152455,0.003433271646916745,0.003091775876169389,0.0
1779843243,checkoutservice,paymentservice,0.0094375,253.16666666666663,1.9777777777777772,0.0,2026-05-27 00:54:03+00:00,2,6,0.0008128768303186908,0.002399530519769272,0.00295879626859221,0.0
1779843243,checkoutservice,productcatalogservice,0.0080834024619669,443.0801246966521,2.7331086769218613,0.0,2026-05-27 00:54:03+00:00,2,7,0.0006962448287654523,0.004199542917364549,0.004088786842382055,0.0
1779843243,checkoutservice,shippingservice,0.0055999999999999,465.73333333333335,3.955555555555555,0.0,2026-05-27 00:54:03+00:00,2,9,0.0004823428079241947,0.004414251536829002,0.005917592537184421,0.0
1779843243,frontend,adservice,0.0099505287587479,3442.121080595305,24.97665590219141,0.0,2026-05-27 00:54:03+00:00,5,0,0.0008570653538973213,0.03262465274113083,0.03736559138021574,0.0
1779843243,frontend,cartservice,0.0207144673819332,4918.010170883184,43.53576076354162,0.0,2026-05-27 00:54:03+00:00,5,1,0.0017841918502957107,0.046613227787636186,0.06513039429648378,0.0
1779843243,frontend,checkoutservice,0.098609375,448.0555555555555,1.9555555555555555,0.0,2026-05-27 00:54:03+00:00,5,2,0.008493486218776916,0.00424670038225569,0.0029255513666979166,0.0
1779843243,frontend,currencyservice,0.0192851086119527,23009.642615,217.71879888888887,0.0,2026-05-27 00:54:03+00:00,5,3,0.0016610773998236607,0.2180869244384838,0.3257118049322136,0.0
1779843243,frontend,productcatalogservice,0.0097448732910668,36257.69018337888,164.6093615067286,0.0,2026-05-27 00:54:03+00:00,5,7,0.0008393517046569165,0.34365280120351427,0.24625899333781429,0.0
1779843243,frontend,recommendationservice,0.0365526315789474,3157.394444444444,22.93333333333333,0.0,2026-05-27 00:54:03+00:00,5,8,0.003148374813001499,0.029925994729668427,0.03430873875491193,0.0
1779843243,frontend,shippingservice,0.0095161764705882,1183.772222222222,11.8,0.0,2026-05-27 00:54:03+00:00,5,9,0.0008196534427724548,0.011219871924992684,0.017653042905870383,0.0
1779843243,recommendationservice,productcatalogservice,0.0095439267400409,17945.859129320623,22.90934496609169,0.0,2026-05-27 00:54:03+00:00,8,7,0.0008220436468596813,0.17009204746919626,0.03427285166371206,0.0
1779843258,checkoutservice,cartservice,0.0154990398079616,493.430217154542,4.2670845280167145,0.0,2026-05-27 00:54:18+00:00,2,1,0.0013349732823395005,0.004676764445445831,0.006383646292885995,0.0
1779843258,checkoutservice,currencyservice,0.0230224450314327,538.4595031944443,5.791065,0.0,2026-05-27 00:54:18+00:00,2,3,0.0019829840681681913,0.005103555016095599,0.008663552450481718,0.0
1779843258,checkoutservice,emailservice,0.0174987629484728,408.7626770303848,2.2225749245444257,0.0,2026-05-27 00:54:18+00:00,2,4,0.0015072147242439968,0.003874279863898611,0.0033250178393639303,0.0
1779843258,checkoutservice,paymentservice,0.009709375,276.88888888888886,2.155555555555555,0.0,2026-05-27 00:54:18+00:00,2,6,0.0008362941429801894,0.0026243713211608626,0.0032247554837465664,0.0
1779843258,checkoutservice,productcatalogservice,0.0076831464961545,528.7523401433134,3.400621469345209,0.0,2026-05-27 00:54:18+00:00,2,7,0.0006617697240443153,0.005011549878498896,0.00508739972076059,0.0
1779843258,checkoutservice,shippingservice,0.0068667711041485,510.5655230392048,4.177644453332741,0.0,2026-05-27 00:54:18+00:00,2,9,0.0005914531528121017,0.0048391740153042795,0.006249842100013076,0.0
1779843258,frontend,adservice,0.0123431379084029,3448.9497446076284,24.398095604881213,0.0,2026-05-27 00:54:18+00:00,5,0,0.0010631471066669166,0.032689375273218337,0.03650005326563523,0.0
1779843258,frontend,cartservice,0.0222649227087074,5102.732287568625,43.29318752639416,0.0,2026-05-27 00:54:18+00:00,5,1,0.0019177366674166584,0.048364036306384424,0.06476749974028209,0.0
1779843258,frontend,checkoutservice,0.1074999999999982,484.3888888888888,2.1777777777777776,0.0,2026-05-27 00:54:18+00:00,5,2,0.009259259259259104,0.004591070134269976,0.0032580003856408613,0.0
1779843258,frontend,currencyservice,0.0211630825260076,22697.967394444444,217.30450111111108,0.0,2026-05-27 00:54:18+00:00,5,3,0.0018228322589153832,0.21513284595008797,0.3250920069282375,0.0
1779843258,frontend,productcatalogservice,0.0116216751766251,34549.569637171575,154.13787628412706,0.0,2026-05-27 00:54:18+00:00,5,7,0.0010010056138350647,0.32746312095834224,0.23059343588673187,0.0
1779843258,frontend,recommendationservice,0.0365526315789474,3204.433333333333,22.53333333333333,0.0,2026-05-27 00:54:18+00:00,5,8,0.003148374813001499,0.03037183244989854,0.033710330520814624,0.0
1779843258,frontend,shippingservice,0.0134718085460968,1233.447548311594,11.955158544985888,0.0,2026-05-27 00:54:18+00:00,5,9,0.0011603624932038587,0.011690697972514498,0.017885163283145662,0.0
1779843258,recommendationservice,productcatalogservice,0.0097797001609558,17062.643679958106,20.93697816706064,0.0,2026-05-27 00:54:18+00:00,8,7,0.0008423514350521791,0.16172087264519194,0.031322150330711264,0.0
1779843273,checkoutservice,cartservice,0.0185493498266204,556.3998240154124,4.667437293912785,0.0,2026-05-27 00:54:33+00:00,2,1,0.0015977045500965032,0.005273594571109549,0.006982582272025589,0.0
1779843273,checkoutservice,currencyservice,0.0237948773497101,693.5970313888888,6.912242222222222,0.0,2026-05-27 00:54:33+00:00,2,3,0.0020495157062627133,0.0065739588357037705,0.01034085665463201,0.0
1779843273,checkoutservice,emailservice,0.0165999999999999,462.44444444444446,2.444444444444444,0.0,2026-05-27 00:54:33+00:00,2,4,0.0014298018949181655,0.00438307922900141,0.0036569392083723954,0.0
1779843273,checkoutservice,paymentservice,0.0095541666666666,320.51111111111106,2.311111111111111,0.0,2026-05-27 00:54:33+00:00,2,6,0.0008229256388171059,0.0030378256472795443,0.0034574697970066286,0.0
1779843273,checkoutservice,productcatalogservice,0.0076919573203928,736.1426833508635,4.404383953207018,0.0,2026-05-27 00:54:33+00:00,2,7,0.0006625286236341775,0.006977209357229405,0.006589049059312755,0.0
1779843273,checkoutservice,shippingservice,0.0049980487804878,583.1222222222221,4.666666666666666,0.0,2026-05-27 00:54:33+00:00,2,9,0.00043049515766475455,0.005526871240202377,0.006981429397801845,0.0
1779843273,frontend,adservice,0.0098705128205128,3472.0888888888885,24.666666666666664,0.0,2026-05-27 00:54:33+00:00,5,0,0.0008501733695532128,0.032908689623070454,0.0369018411026669,0.0
1779843273,frontend,cartservice,0.0210294785269475,5162.152395242858,42.78492830943648,0.0,2026-05-27 00:54:33+00:00,5,1,0.0018113245931909991,0.048927224042469866,0.06400713348907378,0.0
1779843273,frontend,checkoutservice,0.16975,570.4444444444443,2.355555555555555,0.0,2026-05-27 00:54:33+00:00,5,2,0.014621016365202414,0.0054067104184750674,0.003523959600795217,0.0
1779843273,frontend,currencyservice,0.0196376814716606,23760.37778972222,226.52581777777775,0.0,2026-05-27 00:54:33+00:00,5,3,0.0016914454325289061,0.2252024424003414,0.3388872864846175,0.0
1779843273,frontend,productcatalogservice,0.0098063107403537,35222.21943696552,158.12827813420637,0.0,2026-05-27 00:54:33+00:00,5,7,0.0008446434746213351,0.33383854053854867,0.23656315919784326,0.0
1779843273,frontend,recommendationservice,0.0249660046728972,3120.0166666666664,21.88888888888889,0.0,2026-05-27 00:54:33+00:00,5,8,0.0021503879993882173,0.029571725663681863,0.03274622836588009,0.0
1779843273,frontend,shippingservice,0.0123749999999999,1183.4555555555553,11.22222222222222,0.0,2026-05-27 00:54:33+00:00,5,9,0.0010658914728682086,0.01121687053724577,0.01678867545661872,0.0
1779843273,recommendationservice,productcatalogservice,0.0096412983137845,16826.59414850377,21.04486124922843,0.0,2026-05-27 00:54:33+00:00,8,7,0.0008304305179831611,0.15948357947243916,0.03148354564243377,0.0
1779843288,checkoutservice,cartservice,0.01645,578.3444444444444,5.111111111111111,0.0,2026-05-27 00:54:48+00:00,2,1,0.0014168819982773471,0.005481587144371753,0.007646327435687736,0.0
1779843288,checkoutservice,currencyservice,0.0229333333333333,741.8499999999999,7.377777777777776,0.0,2026-05-27 00:54:48+00:00,2,3,0.0019753086419753057,0.007031303684361426,0.011037307428905775,0.0
1779843288,checkoutservice,emailservice,0.0164502799813344,468.4583820337904,2.511028153678644,0.0,2026-05-27 00:54:48+00:00,2,4,0.001416906113810026,0.004440079729816248,0.00375654980802861,0.0
1779843288,checkoutservice,paymentservice,0.0096166666666666,337.16111111111104,2.511111111111111,0.0,2026-05-27 00:54:48+00:00,2,6,0.0008283089290841172,0.0031956354556567333,0.0037566739140552793,0.0
1779843288,checkoutservice,productcatalogservice,0.0076296952390686,725.1705801901884,4.72570287672315,0.0,2026-05-27 00:54:48+00:00,2,7,0.0006571658259318347,0.00687321503306839,0.00706974878332109,0.0
1779843288,checkoutservice,shippingservice,0.0083499999999999,644.7388888888888,5.066666666666666,0.0,2026-05-27 00:54:48+00:00,2,9,0.0007192075796726873,0.0061108781086412845,0.0075798376318991475,0.0
1779843288,frontend,adservice,0.0098280718204679,3467.7494847764774,24.17007804846753,0.0,2026-05-27 00:54:48+00:00,5,0,0.0008465178139937898,0.032867560462022355,0.03615893430744349,0.0
1779843288,frontend,cartservice,0.0204699999999999,5157.622222222222,42.86666666666666,0.0,2026-05-27 00:54:48+00:00,5,1,0.001763135228251499,0.04888428676101029,0.06412941575409409,0.0
1779843288,frontend,checkoutservice,0.1637499999999997,611.8333333333333,2.533333333333333,0.0,2026-05-27 00:54:48+00:00,5,2,0.014104220499569312,0.005798997062589201,0.0037899188159495737,0.0
1779843288,frontend,currencyservice,0.0198663677130043,24308.61111111111,229.13333333333333,0.0,2026-05-27 00:54:48+00:00,5,3,0.0017111427832045049,0.23039863431591923,0.3427881834320706,0.0
1779843288,frontend,productcatalogservice,0.0096896085854477,34649.78826347612,159.35969879567088,0.0,2026-05-27 00:54:48+00:00,5,7,0.0008345916094270198,0.32841299976993055,0.23840538985648804,0.0
1779843288,frontend,recommendationservice,0.0271363636363638,3153.2166666666662,22.4,0.0,2026-05-27 00:54:48+00:00,5,8,0.002337326755931421,0.02988639747377932,0.03351086110944886,0.0
1779843288,frontend,shippingservice,0.0118749999999999,1246.6055555555554,11.577777777777776,0.0,2026-05-27 00:54:48+00:00,5,9,0.0010228251507321188,0.011815410441090787,0.017320593886927436,0.0
1779843288,recommendationservice,productcatalogservice,0.0093998459743619,16704.837208915946,21.23167105028242,0.0,2026-05-27 00:54:48+00:00,8,7,0.0008096335895229889,0.15832955909376362,0.03176301695033573,0.0
1779843303,checkoutservice,cartservice,0.0099285761897884,612.3682572834348,5.066265741378501,0.0,2026-05-27 00:55:03+00:00,2,1,0.0008551745210842722,0.005804067107397724,0.007579237839414907,0.0
1779843303,checkoutservice,currencyservice,0.0175898499899993,762.593939225578,7.177891859457297,0.0,2026-05-27 00:55:03+00:00,2,3,0.0015150602919896039,0.007227916121248906,0.010738273980398085,0.0
1779843303,checkoutservice,emailservice,0.00886,462.26666666666654,2.4222222222222216,0.0,2026-05-27 00:55:03+00:00,2,4,0.0007631352282515074,0.004381394239389106,0.0036236943064781005,0.0
1779843303,checkoutservice,paymentservice,0.0088099999999999,327.1166666666666,2.533333333333333,0.0,2026-05-27 00:55:03+00:00,2,6,0.0007588285960378897,0.0031004335425616524,0.0037899188159495737,0.0
1779843303,checkoutservice,productcatalogservice,0.0049958572658605,807.5109831319578,4.708932424277238,0.0,2026-05-27 00:55:03+00:00,2,7,0.000430306396714944,0.007653642853485278,0.007044659841238163,0.0
1779843303,checkoutservice,shippingservice,0.0066498099873325,645.1562330081265,5.0668385299760725,0.0,2026-05-27 00:55:03+00:00,2,9,0.0005727657181164945,0.006114833723985683,0.007580094742947867,0.0
1779843303,frontend,adservice,0.009501307955763,3489.936561451017,24.2894083441384,0.0,2026-05-27 00:55:03+00:00,5,0,0.0008183727782741603,0.0330778510517196,0.03633745488621028,0.0
1779843303,frontend,cartservice,0.0134801732542812,5221.181884834974,42.92760868584856,0.0,2026-05-27 00:55:03+00:00,5,1,0.0011610829676383463,0.049486709474369873,0.06422058626929651,0.0
1779843303,frontend,checkoutservice,0.0998455036886802,637.8060894468515,2.488750632645755,0.0,2026-05-27 00:55:03+00:00,5,2,0.008599957251393644,0.006045168574018738,0.003723222177975218,0.0
1779843303,frontend,currencyservice,0.0171218400828396,24457.27586392204,229.54671327407704,0.0,2026-05-27 00:55:03+00:00,5,3,0.0014747493611403618,0.23180768873955496,0.3434066083329499,0.0
1779843303,frontend,productcatalogservice,0.0093606440730708,36505.777002524745,172.71735147663017,0.0,2026-05-27 00:55:03+00:00,5,7,0.0008062570261042895,0.34600418459032,0.2583887132377329,0.0
1779843303,frontend,recommendationservice,0.0382497070795835,3242.4728653606385,22.998718660889526,0.0,2026-05-27 00:55:03+00:00,5,8,0.0032945484134008184,0.03073237366671458,0.03440655655090887,0.0
1779843303,frontend,shippingservice,0.0093020734232523,1252.7825861032047,11.599738369156965,0.0,2026-05-27 00:55:03+00:00,5,9,0.0008012121811586823,0.011873956747821393,0.017353447383694817,0.0
1779843303,recommendationservice,productcatalogservice,0.008778997196756,17698.33071040256,22.96250648399016,0.0,2026-05-27 00:55:03+00:00,8,7,0.0007561582426146426,0.1677459566369219,0.03435238238883095,0.0
1779843318,checkoutservice,cartservice,0.0098039001232139,513.4670376623568,4.710378499528542,0.0,2026-05-27 00:55:18+00:00,2,1,0.0008444358417927563,0.004866674764054023,0.007046823199581924,0.0
1779843318,checkoutservice,currencyservice,0.0098809523809523,677.1499999999999,7.222222222222221,0.0,2026-05-27 00:55:18+00:00,2,3,0.0008510725564989061,0.0064180727773341505,0.010804593115645713,0.0
1779843318,checkoutservice,emailservice,0.0094611111111111,411.0444444444444,2.2888888888888888,0.0,2026-05-27 00:55:18+00:00,2,4,0.0008149105177528941,0.003895906607344501,0.003424224895112334,0.0
1779843318,checkoutservice,paymentservice,0.0095708333333333,298.21666666666664,2.355555555555555,0.0,2026-05-27 00:55:18+00:00,2,6,0.0008243611828883118,0.002826517418711757,0.003523959600795217,0.0
1779843318,checkoutservice,productcatalogservice,0.0049754556573502,783.8871495298262,5.133119045679313,0.0,2026-05-27 00:55:18+00:00,2,7,0.00042854915222654606,0.007429734585984557,0.007679251758840454,0.0
1779843318,checkoutservice,shippingservice,0.0082166666666666,574.4722222222222,4.7333333333333325,0.0,2026-05-27 00:55:18+00:00,2,9,0.0007077232271030663,0.005444885964378793,0.007081164103484729,0.0
1779843318,frontend,adservice,0.0097579268292682,3461.8277777777776,24.31111111111111,0.0,2026-05-27 00:55:18+00:00,5,0,0.000840476040419311,0.03281143412888538,0.03636992267235819,0.0
1779843318,frontend,cartservice,0.0166181485228832,5335.661160972141,43.43768506588073,0.0,2026-05-27 00:55:18+00:00,5,1,0.0014313650751837383,0.05057175167439184,0.064983671033871,0.0
1779843318,frontend,checkoutservice,0.0999741379310344,549.8888888888889,2.355555555555555,0.0,2026-05-27 00:55:18+00:00,5,2,0.00861103685883156,0.005211883494552613,0.003523959600795217,0.0
1779843318,frontend,currencyservice,0.0175698863636364,24424.61111111111,231.46666666666664,0.0,2026-05-27 00:55:18+00:00,5,3,0.0015133407720617053,0.23149809003794647,0.34627889813097157,0.0
1779843318,frontend,productcatalogservice,0.0095745369329211,38062.69762407329,177.10416404361789,0.0,2026-05-27 00:55:18+00:00,5,7,0.0008246801837141343,0.3607607818843182,0.26495147514155026,0.0
1779843318,frontend,recommendationservice,0.0414435483870968,3340.405555555555,23.755555555555556,0.0,2026-05-27 00:55:18+00:00,5,8,0.0035696424106026535,0.031660586223682896,0.03553880012500083,0.0
1779843318,frontend,shippingservice,0.0092437499999999,1366.3277777777776,12.42222222222222,0.0,2026-05-27 00:55:18+00:00,5,9,0.0007961886304909475,0.01295014563312563,0.018583900158910628,0.0
1779843318,recommendationservice,productcatalogservice,0.0096046083957705,18682.39360519228,23.754591261112463,0.0,2026-05-27 00:55:18+00:00,8,7,0.0008272703183264859,0.17707297026201907,0.035537357520663726,0.0
1779843333,checkoutservice,cartservice,0.0097653965673731,581.7008577205963,5.244278529579509,0.0,2026-05-27 00:55:33+00:00,2,1,0.0008411194287143068,0.005513399452836869,0.007845548635000163,0.0
1779843333,checkoutservice,currencyservice,0.0106749999999999,889.7277777777776,8.999999999999998,0.0,2026-05-27 00:55:33+00:00,2,3,0.0009194659776055039,0.00843289910624465,0.013464185267189272,0.0
1779843333,checkoutservice,emailservice,0.0094590747924116,515.4448611388907,2.755647413531272,0.0,2026-05-27 00:55:33+00:00,2,4,0.0008147351242387252,0.0048854207066267395,0.004122505256315109,0.0
1779843333,checkoutservice,paymentservice,0.0095208333333333,328.62777777777774,2.733333333333333,0.0,2026-05-27 00:55:33+00:00,2,6,0.0008200545506747029,0.0031147559542662223,0.0040891229329982235,0.0
1779843333,checkoutservice,productcatalogservice,0.0049527747765214,1017.3397965988664,6.156066837093846,0.0,2026-05-27 00:55:33+00:00,2,7,0.0004265955879863394,0.009642414315661003,0.009209602712425716,0.0
1779843333,checkoutservice,shippingservice,0.0049777168949771,630.6888888888889,5.333333333333332,0.0,2026-05-27 00:55:33+00:00,2,9,0.00042874391860267877,0.005977711273344017,0.00797877645463068,0.0
1779843333,frontend,adservice,0.0098720042214422,3394.5333485296624,24.09777688823656,0.0,2026-05-27 00:55:33+00:00,5,0,0.0008503018278589319,0.03217361304873539,0.03605077028340099,0.0
1779843333,frontend,cartservice,0.0153152597510814,5302.085762060307,42.59858231673444,0.0,2026-05-27 00:55:33+00:00,5,1,0.0013191438200759174,0.050253521808418015,0.06372835604801394,0.0
1779843333,frontend,checkoutservice,0.1637499999999997,626.5555555555554,2.755555555555555,0.0,2026-05-27 00:55:33+00:00,5,2,0.014104220499569312,0.005938535264857987,0.004122367834892518,0.0
1779843333,frontend,currencyservice,0.0139097122302158,24341.516666666663,227.0,0.0,2026-05-27 00:55:33+00:00,5,3,0.0011980802954535575,0.23071051536197126,0.3395966728502184,0.0
1779843333,frontend,productcatalogservice,0.0095047517240344,37670.00402912081,174.43670853247377,0.0,2026-05-27 00:55:33+00:00,5,7,0.0008186693991416366,0.35703880585006,0.2609609067866581,0.0
1779843333,frontend,recommendationservice,0.0405535714285713,3337.5777777777776,23.466666666666665,0.0,2026-05-27 00:55:33+00:00,5,8,0.0034929863418235404,0.03163378435766221,0.035106616400375,0.0
1779843333,frontend,shippingservice,0.0097145833333333,1303.1,12.066666666666665,0.0,2026-05-27 00:55:33+00:00,5,9,0.0008367427505024377,0.012350868546325234,0.018051981728601913,0.0
1779843333,recommendationservice,productcatalogservice,0.0099277997487554,18696.609353117703,23.313156237264277,0.0,2026-05-27 00:55:33+00:00,8,7,0.0008551076441649785,0.1772077080671872,0.03487696163793949,0.0
1779843348,checkoutservice,cartservice,0.0099392726268343,607.4944048121727,5.511294827062544,0.0,2026-05-27 00:55:48+00:00,2,1,0.0008560958334913265,0.0057578724092266385,0.008245010512630218,0.0
1779843348,checkoutservice,currencyservice,0.0102253399697807,888.4979216662223,8.622024708914763,0.0,2026-05-27 00:55:48+00:00,2,3,0.0008807355701792162,0.00842124244814879,0.01289872645101245,0.0
1779843348,checkoutservice,emailservice,0.0096033333333333,510.711111111111,2.711111111111111,0.0,2026-05-27 00:55:48+00:00,2,4,0.0008271604938271577,0.004840553908741488,0.004055878031103929,0.0
1779843348,checkoutservice,paymentservice,0.0095423076923076,345.0,2.711111111111111,0.0,2026-05-27 00:55:48+00:00,2,6,0.0008219041939972094,0.003269932966374189,0.004055878031103929,0.0
1779843348,checkoutservice,productcatalogservice,0.0049530424558005,994.6664556440064,6.045207100710215,0.0,2026-05-27 00:55:48+00:00,2,7,0.0004266186439104652,0.009427514880744657,0.009043754264721163,0.0
1779843348,checkoutservice,shippingservice,0.0049929419418739,701.3786345298234,5.51098864741814,0.0,2026-05-27 00:55:48+00:00,2,9,0.0004300552921510681,0.006647713388288649,0.008244552461579407,0.0
1779843348,frontend,adservice,0.009816216680626,3339.1013926854384,23.80079412701588,0.0,2026-05-27 00:55:48+00:00,5,0,0.0008454966994509905,0.03164822528118285,0.03560647795915247,0.0
1779843348,frontend,cartservice,0.0165911764705882,5194.046269751318,42.2028135209014,0.0,2026-05-27 00:55:48+00:00,5,1,0.0014290419009981223,0.04922951630821078,0.06313627778245078,0.0
1779843348,frontend,checkoutservice,0.2046249624987501,646.1290900874874,2.755647413531272,0.0,2026-05-27 00:55:48+00:00,5,2,0.01762488910411284,0.006124054528146184,0.004122505256315109,0.0
1779843348,frontend,currencyservice,0.0127407487620973,23826.204623539685,224.09155846434624,0.0,2026-05-27 00:55:48+00:00,5,3,0.0010973943808869338,0.22582635351330302,0.3352455844419039,0.0
1779843348,frontend,productcatalogservice,0.0092549095202854,36934.00025356841,172.09342679351874,0.0,2026-05-27 00:55:48+00:00,5,7,0.0007971498294819467,0.35006291307019133,0.2574553090681568,0.0
1779843348,frontend,recommendationservice,0.0370126327947651,3263.177880006815,23.08966079220096,0.0,2026-05-27 00:55:48+00:00,5,8,0.0031879959340882945,0.030928617173847314,0.03454260785141667,0.0
1779843348,frontend,shippingservice,0.009702237689135,1277.92432778385,11.911243495024562,0.0,2026-05-27 00:55:48+00:00,5,9,0.0008356793875223945,0.012112251849136193,0.017819465464401534,0.0
1779843348,recommendationservice,productcatalogservice,0.0098328403767835,18427.68005214552,23.358431321150377,0.0,2026-05-27 00:55:48+00:00,8,7,0.0008469285423586133,0.17465877825016426,0.034944694095431716,0.0
1779843363,checkoutservice,cartservice,0.0099160618228353,647.8671574366346,4.978593834131112,0.0,2026-05-27 00:56:03+00:00,2,1,0.0008540966255672094,0.006140528046183155,0.007448078861425276,0.0
1779843363,checkoutservice,currencyservice,0.0099207358171307,793.0212763383355,7.088813830496422,0.0,2026-05-27 00:56:03+00:00,2,3,0.0008544992090551853,0.007516308447927128,0.010605011415379721,0.0
1779843363,checkoutservice,emailservice,0.0094772727272727,469.94999999999993,2.2666666666666666,0.0,2026-05-27 00:56:03+00:00,2,4,0.0008163025604886047,0.0044542173841957975,0.0033909799932180396,0.0
1779843363,checkoutservice,paymentservice,0.0092749999999999,316.26111111111106,2.333333333333333,0.0,2026-05-27 00:56:03+00:00,2,6,0.000798880275624453,0.002997543864360442,0.0034907146989009226,0.0
1779843363,checkoutservice,productcatalogservice,0.0049542856112865,901.0948316393556,4.688983712132436,0.0,2026-05-27 00:56:03+00:00,2,7,0.00042672572017971575,0.008540636799440372,0.007014816157220447,0.0
1779843363,checkoutservice,shippingservice,0.0049930801687763,681.1388888888889,4.888888888888888,0.0,2026-05-27 00:56:03+00:00,2,9,0.00043006719799968134,0.006455879731760185,0.007313878416744791,0.0
1779843363,frontend,adservice,0.0098418032786885,3419.533333333333,24.15555555555555,0.0,2026-05-27 00:56:03+00:00,5,0,0.0008477005408000432,0.03241056456893358,0.03613720835909812,0.0
1779843363,frontend,cartservice,0.015964088839889,5139.75233134259,42.47325735907961,0.0,2026-05-27 00:56:03+00:00,5,1,0.0013750291851756245,0.04871491474566878,0.06354086733151758,0.0
1779843363,frontend,checkoutservice,0.1924999999999998,629.9444444444443,2.333333333333333,0.0,2026-05-27 00:56:03+00:00,5,2,0.016580534022394473,0.0059706553793425,0.0034907146989009226,0.0
1779843363,frontend,currencyservice,0.0147263210592472,23808.99197541838,220.24200010863711,0.0,2026-05-27 00:56:03+00:00,5,3,0.0012684169732340397,0.22566321088857708,0.32948656589766784,0.0
1779843363,frontend,productcatalogservice,0.0092536827546519,37326.27697326182,171.2482788593554,0.0,2026-05-27 00:56:03+00:00,5,7,0.000797044164914031,0.3537809379329931,0.25619095036107264,0.0
1779843363,frontend,recommendationservice,0.0367188641458177,3296.8742023811287,23.243930887022305,0.0,2026-05-27 00:56:03+00:00,5,8,0.0031626928635501896,0.031247993160448302,0.03477339908895683,0.0
1779843363,frontend,shippingservice,0.0094809523809523,1225.655555555555,11.62222222222222,0.0,2026-05-27 00:56:03+00:00,5,9,0.0008166194987900345,0.011616844946466033,0.017387083690716024,0.0
1779843363,recommendationservice,productcatalogservice,0.0094053846669541,18409.568149567192,23.24449587551511,0.0,2026-05-27 00:56:03+00:00,8,7,0.0008101106517617658,0.17448711243183201,0.03477424432337249,0.0
1779843378,checkoutservice,cartservice,0.0108999866672592,481.3823610740774,4.044254831669284,0.0,2026-05-27 00:56:18+00:00,2,1,0.0009388446741825323,0.00456257406349904,0.006050288480146736,0.0
1779843378,checkoutservice,currencyservice,0.0096951612903225,616.8833333333332,6.266666666666666,0.0,2026-05-27 00:56:18+00:00,2,3,0.0008350698785807493,0.005846861298763664,0.00937506233419105,0.0
1779843378,checkoutservice,emailservice,0.0108999999999999,409.2388888888889,2.0444444444444443,0.0,2026-05-27 00:56:18+00:00,2,4,0.0009388458225667442,0.0038787934315945554,0.0030585309742750945,0.0
1779843378,checkoutservice,paymentservice,0.0093428571428571,271.2722222222222,1.933333333333333,0.0,2026-05-27 00:56:18+00:00,2,6,0.0008047249907714988,0.0025711361805971864,0.0028923064648036217,0.0
1779843378,checkoutservice,productcatalogservice,0.0049766277913154,739.2334933191123,4.533222725881156,0.0,2026-05-27 00:56:18+00:00,2,7,0.00042865011122441004,0.007006504259861215,0.006781794515410742,0.0
1779843378,checkoutservice,shippingservice,0.0052,546.2166666666666,3.9555555555555553,0.0,2026-05-27 00:56:18+00:00,2,9,0.0004478897502153316,0.005177077927873492,0.005917592537184422,0.0
1779843378,frontend,adservice,0.0108621846008553,3547.1141564541117,25.13138092034384,0.0,2026-05-27 00:56:18+00:00,5,0,0.000935588682244212,0.03361978410342572,0.03759706319242391,0.0
1779843378,frontend,cartservice,0.0152713609757182,5193.433299084052,42.55130018390099,0.0,2026-05-27 00:56:18+00:00,5,1,0.0013153627024735746,0.04922370653142147,0.0636576210039809,0.0
1779843378,frontend,checkoutservice,0.1824997500138881,485.7020145909713,1.911004950067276,0.0,2026-05-27 00:56:18+00:00,5,2,0.015719186047707848,0.004603516027088042,0.0028589027438023994,0.0
1779843378,frontend,currencyservice,0.0163052956613667,24091.833160513022,226.56519152192965,0.0,2026-05-27 00:56:18+00:00,5,3,0.001404418230953204,0.22834399846941567,0.33894619041638685,0.0
1779843378,frontend,productcatalogservice,0.0092566471315803,36993.84987852784,168.8757682870209,0.0,2026-05-27 00:56:18+00:00,5,7,0.0007972994945374936,0.3506301717996985,0.25264162570615295,0.0
1779843378,frontend,recommendationservice,0.0364334051513438,3195.9585642626826,22.463919351112896,0.0,2026-05-27 00:56:18+00:00,5,8,0.0031381055255248753,0.030291508024488316,0.03360648577450915,0.0
1779843378,frontend,shippingservice,0.0092236168209542,1179.682561196904,10.866056857879986,0.0,2026-05-27 00:56:18+00:00,5,9,0.000794454506542136,0.011181109845549257,0.016255844739812078,0.0
1779843378,recommendationservice,productcatalogservice,0.0094743056146664,17753.40964867898,22.50906395269321,0.0,2026-05-27 00:56:18+00:00,8,7,0.0008160469952339707,0.1682679984804667,0.0336740230277859,0.0
1779843393,checkoutservice,cartservice,0.0096894727977092,570.2848564316828,4.533534832725872,0.0,2026-05-27 00:56:33+00:00,2,1,0.0008345799136700432,0.0054051978326664675,0.006782261433675231,0.0
1779843393,checkoutservice,currencyservice,0.0096607999730907,789.1168622396065,7.93352693078891,0.0,2026-05-27 00:56:33+00:00,2,3,0.0008321102474668992,0.007479302151185649,0.011868719602041932,0.0
1779843393,checkoutservice,emailservice,0.00994375,470.47777777777776,2.466666666666667,0.0,2026-05-27 00:56:33+00:00,2,4,0.0008564814814814815,0.00445921969710732,0.0036901841102666903,0.0
1779843393,checkoutservice,paymentservice,0.0092428571428571,307.15,2.2888888888888888,0.0,2026-05-27 00:56:33+00:00,2,6,0.0007961117263442808,0.0029111881467299484,0.003424224895112334,0.0
1779843393,checkoutservice,productcatalogservice,0.0049907399779521,930.0331679159384,5.622089888306225,0.0,2026-05-27 00:56:33+00:00,2,7,0.0004298656311758915,0.008814916277071736,0.008410762204994052,0.0
1779843393,checkoutservice,shippingservice,0.0049787435417195,597.3564876957494,4.53343407855164,0.0,2026-05-27 00:56:33+00:00,2,9,0.00042883234640133506,0.005661784555924141,0.00678211070335653,0.0
1779843393,frontend,adservice,0.0099866214973186,3503.0490098325354,24.84499261695581,0.0,2026-05-27 00:56:33+00:00,5,0,0.0008601741169094403,0.03320213171036484,0.037168620395182525,0.0
1779843393,frontend,cartservice,0.0124680397687095,5250.233529160991,43.00287132406643,0.0,2026-05-27 00:56:33+00:00,5,1,0.0010739052341696383,0.0497620628932366,0.06433318072537016,0.0
1779843393,frontend,checkoutservice,0.1720000666681472,569.5654621686889,2.26671703927582,0.0,2026-05-27 00:56:33+00:00,5,2,0.014814820557118623,0.00539837936595231,0.003391055351678265,0.0
1779843393,frontend,currencyservice,0.0163079635955692,24497.77204835039,230.6325527924138,0.0,2026-05-27 00:56:33+00:00,5,3,0.0014046480271808098,0.2321915142713655,0.3450310466046523,0.0
1779843393,frontend,productcatalogservice,0.0093466119109985,37439.40767687457,169.37786420211813,0.0,2026-05-27 00:56:33+00:00,5,7,0.0008050483988801465,0.3548531982728553,0.25339277153090495,0.0
1779843393,frontend,recommendationservice,0.0362001044459919,3245.6535211441496,22.66716742966354,0.0,2026-05-27 00:56:33+00:00,5,8,0.0031180107188623516,0.03076252013396441,0.03391054908393205,0.0
1779843393,frontend,shippingservice,0.0090333333333333,1220.9875994488643,11.22272100982266,0.0,2026-05-27 00:56:33+00:00,5,9,0.0007780648865920155,0.011572601747744712,0.016789421653136644,0.0
1779843393,recommendationservice,productcatalogservice,0.009603778450312,17881.858186926594,22.043944735776574,0.0,2026-05-27 00:56:33+00:00,8,7,0.0008271988329295435,0.1694854422766941,0.03297819510468639,0.0
1779843408,checkoutservice,cartservice,0.0094727272727272,615.3888888888888,5.155555555555555,0.0,2026-05-27 00:56:48+00:00,2,1,0.0008159110484691818,0.005832696854835248,0.0077128172394763245,0.0
1779843408,checkoutservice,currencyservice,0.0098029425605283,903.1373501576508,8.933283951714653,0.0,2026-05-27 00:56:48+00:00,2,3,0.0008443533643865891,0.0085599959259256,0.013364376685588314,0.0
1779843408,checkoutservice,emailservice,0.0098750378445941,525.0906096853436,2.66651606611611,0.0,2026-05-27 00:56:48+00:00,2,4,0.0008505631218427304,0.004976843753459788,0.003989162925791559,0.0
1779843408,checkoutservice,paymentservice,0.0090334192401688,331.39637281910007,2.5996504635800823,0.0,2026-05-27 00:56:48+00:00,2,6,0.0007780722859749183,0.003140996882371034,0.003889130607952968,0.0
1779843408,checkoutservice,productcatalogservice,0.0049868322292878,1030.2947012631032,6.222375325653467,0.0,2026-05-27 00:56:48+00:00,2,7,0.0004295290464502842,0.009765201764466285,0.009308801576287277,0.0
1779843408,checkoutservice,shippingservice,0.004959652173913,668.9666666666666,5.155555555555555,0.0,2026-05-27 00:56:48+00:00,2,9,0.00042718795640938847,0.00634051059924286,0.0077128172394763245,0.0
1779843408,frontend,adservice,0.0098319361600893,3441.3045171754875,24.420592809847577,0.0,2026-05-27 00:56:48+00:00,5,0,0.0008468506597837469,0.03261691329867982,0.036533709547375344,0.0
1779843408,frontend,cartservice,0.00997968164794,5172.816666666667,42.93333333333333,0.0,2026-05-27 00:56:48+00:00,5,1,0.0008595763693316107,0.04902830071693675,0.06422915045977698,0.0
1779843408,frontend,checkoutservice,0.1622500000000003,643.4444444444443,2.6,0.0,2026-05-27 00:56:48+00:00,5,2,0.013975021533161096,0.006098609278026708,0.0038896535216324576,0.0
1779843408,frontend,currencyservice,0.0135329203832564,24610.324076872363,234.0209234856509,0.0,2026-05-27 00:56:48+00:00,5,3,0.0011656262173347458,0.2332582898901953,0.35010011891216997,0.0
1779843408,frontend,productcatalogservice,0.0092343759279021,36761.65492709066,167.38244743243075,0.0,2026-05-27 00:56:48+00:00,5,7,0.0007953812168735659,0.34842941259294463,0.2504075869673131,0.0
1779843408,frontend,recommendationservice,0.0276133223026288,3091.1578255329864,21.93382224395158,0.0,2026-05-27 00:56:48+00:00,5,8,0.0023784084670653576,0.029298199646306863,0.032813449590017925,0.0
1779843408,frontend,shippingservice,0.0097826923076922,1223.0166666666669,11.333333333333332,0.0,2026-05-27 00:56:48+00:00,5,9,0.0008426091565626357,0.011591833381908426,0.016954899966090196,0.0
1779843408,recommendationservice,productcatalogservice,0.0091045360914025,17452.44689221148,22.178886510351557,0.0,2026-05-27 00:56:48+00:00,8,7,0.000784197768423988,0.16541545343981764,0.033180070777259825,0.0
1779843423,checkoutservice,cartservice,0.0132996732994532,616.5835702837725,5.200401050039883,0.0,2026-05-27 00:57:03+00:00,2,1,0.0011455360292380017,0.005844020124624941,0.007779907022380292,0.0
1779843423,checkoutservice,currencyservice,0.0106374999999999,875.9555555555555,8.42222222222222,0.0,2026-05-27 00:57:03+00:00,2,3,0.0009162360034452973,0.008302365067216605,0.012599817817937616,0.0
1779843423,checkoutservice,emailservice,0.0094549999999999,457.8166666666666,2.444444444444444,0.0,2026-05-27 00:57:03+00:00,2,4,0.0008143841515934453,0.004339216843156164,0.0036569392083723954,0.0
1779843423,checkoutservice,paymentservice,0.00935,325.68888888888887,2.6,0.0,2026-05-27 00:57:03+00:00,2,6,0.0008053402239448752,0.0030869009697378495,0.0038896535216324576,0.0
1779843423,checkoutservice,productcatalogservice,0.0049715804307446,984.8470532624416,5.910654956729511,0.0,2026-05-27 00:57:03+00:00,2,7,0.0004282153687118519,0.009334445931302419,0.008842461487537416,0.0
1779843423,checkoutservice,shippingservice,0.0049771428571428,664.5666666666666,5.288888888888888,0.0,2026-05-27 00:57:03+00:00,2,9,0.0004286944752060982,0.006298807106338377,0.007912286650842091,0.0
1779843423,frontend,adservice,0.009605502984159,3403.442817878125,23.75740856598726,0.0,2026-05-27 00:57:03+00:00,5,0,0.0008273473715899224,0.03225805759231637,0.03554157226675133,0.0
1779843423,frontend,cartservice,0.0151298386869738,5296.20168767619,43.96142105121872,0.0,2026-05-27 00:57:03+00:00,5,1,0.0013031730135205685,0.050197752159707225,0.06576719084916928,0.0
1779843423,frontend,checkoutservice,0.1905009629986303,645.5304231334345,2.622367917422923,0.0,2026-05-27 00:57:03+00:00,5,2,0.01640835167946859,0.00611838032290289,0.003923116386546172,0.0
1779843423,frontend,currencyservice,0.0148632669683055,25206.135970663403,236.32422861799455,0.0,2026-05-27 00:57:03+00:00,5,3,0.0012802124865034885,0.23890543468226821,0.35354591080425246,0.0
1779843423,frontend,productcatalogservice,0.0094177906921295,37573.65608869986,171.01860711521468,0.0,2026-05-27 00:57:03+00:00,5,7,0.0008111792155150302,0.35612561365694484,0.2558473567039894,0.0
1779843423,frontend,recommendationservice,0.0249947346480787,3194.785491592481,22.469410708255936,0.0,2026-05-27 00:57:03+00:00,5,8,0.002152862588120474,0.030280389563629634,0.03361470095783606,0.0
1779843423,frontend,shippingservice,0.0095891089521454,1337.1441752787346,12.534032176414662,0.0,2026-05-27 00:57:03+00:00,5,9,0.0008259353102623083,0.012673541505910614,0.018751170152017625,0.0
1779843423,recommendationservice,productcatalogservice,0.0091377057681715,17974.566018188805,22.35528469472617,0.0,2026-05-27 00:57:03+00:00,8,7,0.0007870547603937554,0.17036413327288355,0.033443966092283776,0.0
1779843438,checkoutservice,cartservice,0.0154003199573389,509.1303039392121,4.266240085316269,0.0,2026-05-27 00:57:18+00:00,2,1,0.0013264702805632128,0.004825570913133161,0.0063823829892230705,0.0
1779843438,checkoutservice,currencyservice,0.0177357142857142,757.6666666666665,7.444444444444444,0.0,2026-05-27 00:57:18+00:00,2,3,0.001527623969484427,0.0071812151039309475,0.01113704213458866,0.0
1779843438,checkoutservice,emailservice,0.0094374999999999,405.3111111111111,1.8666666666666665,0.0,2026-05-27 00:57:18+00:00,2,4,0.0008128768303186823,0.003841565692347751,0.0027925717591207383,0.0
1779843438,checkoutservice,paymentservice,0.0094722222222222,271.16111111111104,2.1111111111111107,0.0,2026-05-27 00:57:18+00:00,2,6,0.0008158675471336951,0.002570083062089497,0.0031582656799579775,0.0
1779843438,checkoutservice,productcatalogservice,0.004973208863706,900.140491006608,5.266769391847176,0.0,2026-05-27 00:57:18+00:00,2,7,0.0004283556299488372,0.008531591495393499,0.007879195427932462,0.0
1779843438,checkoutservice,shippingservice,0.0049806315789473,549.8222222222222,4.266666666666666,0.0,2026-05-27 00:57:18+00:00,2,9,0.00042899496804024983,0.005211251623447999,0.006383021163704544,0.0
1779843438,frontend,adservice,0.009833908045977,3443.1944444444443,24.177777777777777,0.0,2026-05-27 00:57:18+00:00,5,0,0.0008470205035294575,0.03263482615514594,0.03617045326099242,0.0
1779843438,frontend,cartservice,0.0179934547869681,5276.751576351396,43.751174209602524,0.0,2026-05-27 00:57:18+00:00,5,1,0.0015498238403934626,0.05001340270979246,0.06545265724612907,0.0
1779843438,frontend,checkoutservice,0.2136249999999999,549.0555555555554,2.133333333333333,0.0,2026-05-27 00:57:18+00:00,5,2,0.018400086132644263,0.005203985105744944,0.003191510581852272,0.0
1779843438,frontend,currencyservice,0.0173880710659897,25027.47222222222,234.2444444444444,0.0,2026-05-27 00:57:18+00:00,5,3,0.001497680539706262,0.23721204778103977,0.35043451086775834,0.0
1779843438,frontend,productcatalogservice,0.0098153477835591,37321.1153776632,169.00375144457286,0.0,2026-05-27 00:57:18+00:00,5,7,0.0008454218590490181,0.35373201598630605,0.2528330911444151,0.0
1779843438,frontend,recommendationservice,0.0367631578947368,3170.75,22.33333333333333,0.0,2026-05-27 00:57:18+00:00,5,8,0.00316650800126932,0.03005257957429264,0.03341112640376597,0.0
1779843438,frontend,shippingservice,0.0097484375,1328.4499999999998,12.555555555555554,0.0,2026-05-27 00:57:18+00:00,5,9,0.0008396586993970716,0.012591137533854468,0.018783369570276393,0.0
1779843438,recommendationservice,productcatalogservice,0.0093124746442108,17686.68163688624,22.422708191345404,0.0,2026-05-27 00:57:18+00:00,8,7,0.0008021080658234971,0.1676355459426647,0.03354483303115523,0.0
1779843453,checkoutservice,cartservice,0.018925,430.5833333333333,3.733333333333333,0.0,2026-05-27 00:57:33+00:00,2,1,0.0016300602928509907,0.0040810974969216025,0.0055851435182414765,0.0
1779843453,checkoutservice,currencyservice,0.0200500366682963,674.7030039039639,6.844552599802949,0.0,2026-05-27 00:57:33+00:00,2,3,0.0017269626759945135,0.0063948799854413475,0.010239591586085435,0.0
1779843453,checkoutservice,emailservice,0.0094749920133342,374.748366485165,1.9778889012359395,0.0,2026-05-27 00:57:33+00:00,2,4,0.0008161061165662532,0.0035518899642455574,0.0029589625115731245,0.0
1779843453,checkoutservice,paymentservice,0.0095899671930011,241.34319077679976,1.955816365845707,0.0,2026-05-27 00:57:33+00:00,2,6,0.0008260092328166323,0.002287466828205776,0.0029259415442608266,0.0
1779843453,checkoutservice,productcatalogservice,0.0072751016531129,825.4714941711475,4.97758224829282,0.0,2026-05-27 00:57:33+00:00,2,7,0.0006266237427315159,0.007823873772731579,0.007446565508187451,0.0
1779843453,checkoutservice,shippingservice,0.0084499999999999,474.1055555555555,3.733333333333333,0.0,2026-05-27 00:57:33+00:00,2,9,0.0007278208440999053,0.004493604016383364,0.0055851435182414765,0.0
1779843453,frontend,adservice,0.0098246973999486,3587.1453786430784,24.957229852869272,0.0,2026-05-27 00:57:33+00:00,5,0,0.0008462271662315763,0.03399920269217921,0.03733652961053987,0.0
1779843453,frontend,cartservice,0.019185294117647,5364.61111111111,44.06666666666666,0.0,2026-05-27 00:57:33+00:00,5,1,0.0016524801134924203,0.050846141228984024,0.065924640456386,0.0
1779843453,frontend,checkoutservice,0.229,465.44444444444434,1.9555555555555555,0.0,2026-05-27 00:57:33+00:00,5,2,0.01972437553832903,0.00441151342870901,0.0029255513666979166,0.0
1779843453,frontend,currencyservice,0.0178966463590924,25354.303860998138,238.2929439740427,0.0,2026-05-27 00:57:33+00:00,5,3,0.001541485474512696,0.24030977981027885,0.356491149503385,0.0
1779843453,frontend,productcatalogservice,0.0097812490839145,38062.218958953614,173.03871780058955,0.0,2026-05-27 00:57:33+00:00,5,7,0.0008424848478823858,0.3607562450644496,0.25886948387378006,0.0
1779843453,frontend,recommendationservice,0.0402499999999999,3199.1111111111104,22.688888888888886,0.0,2026-05-27 00:57:33+00:00,5,8,0.003466838931955202,0.030321388073380237,0.03394304483407469,0.0
1779843453,frontend,shippingservice,0.0094157894736842,1300.4499999999998,12.177777777777775,0.0,2026-05-27 00:57:33+00:00,5,9,0.0008110068452785703,0.012325751669916852,0.018218206238073388,0.0
1779843453,recommendationservice,productcatalogservice,0.0095125311496928,17719.54244322979,22.17708157430861,0.0,2026-05-27 00:57:33+00:00,8,7,0.0008193394616445133,0.1679470028527065,0.03317737055578453,0.0
1779843468,checkoutservice,cartservice,0.0096571428571428,524.3277777777778,4.177777777777777,0.0,2026-05-27 00:57:48+00:00,2,1,0.0008317952503998966,0.00496961358185877,0.006250041556127367,0.0
1779843468,checkoutservice,currencyservice,0.0194333333333332,746.561111111111,7.088888888888889,0.0,2026-05-27 00:57:48+00:00,2,3,0.00167384438702267,0.007075955909087437,0.010605123704279948,0.0
1779843468,checkoutservice,emailservice,0.0092857142857142,439.4999999999999,2.1333333333333333,0.0,2026-05-27 00:57:48+00:00,2,4,0.0007998031253845133,0.00416561025716364,0.003191510581852273,0.0
1779843468,checkoutservice,paymentservice,0.0091916666666666,284.6222222222222,2.0444444444444443,0.0,2026-05-27 00:57:48+00:00,2,6,0.0007917025552684411,0.0026976683692960138,0.0030585309742750945,0.0
1779843468,checkoutservice,productcatalogservice,0.0069372287924595,892.7114895172605,4.822617424466971,0.0,2026-05-27 00:57:48+00:00,2,7,0.0005975218598156331,0.008461178924734773,0.007214734941755387,0.0
1779843468,checkoutservice,shippingservice,0.0051999999999999,564.4277777777777,4.088888888888889,0.0,2026-05-27 00:57:48+00:00,2,9,0.000447889750215323,0.005349684051283711,0.006117061948550189,0.0
1779843468,frontend,adservice,0.0144812499999999,3529.95,24.88888888888889,0.0,2026-05-27 00:57:48+00:00,5,0,0.001247308354866486,0.03345710108594947,0.03723429012160985,0.0
1779843468,frontend,cartservice,0.0193288461538461,5305.1722222222215,43.42222222222222,0.0,2026-05-27 00:57:48+00:00,5,1,0.0016648446299609044,0.05028277548329582,0.06496053830145146,0.0
1779843468,frontend,checkoutservice,0.2214999999999997,532.5,2.0,0.0,2026-05-27 00:57:48+00:00,5,2,0.01907838070628766,0.005047070448099292,0.0029920411704865055,0.0
1779843468,frontend,currencyservice,0.0177156716417909,25198.777777777774,235.9111111111111,0.0,2026-05-27 00:57:48+00:00,5,3,0.0015258976435651077,0.2388356932402692,0.3529278785098305,0.0
1779843468,frontend,productcatalogservice,0.0096718455538207,38069.42224593436,172.1039856146383,0.0,2026-05-27 00:57:48+00:00,5,7,0.0008330616325426959,0.36082451829797013,0.2574711052819076,0.0
1779843468,frontend,recommendationservice,0.0422045454545455,3246.522222222222,22.82222222222222,0.0,2026-05-27 00:57:48+00:00,5,8,0.0036351891003053834,0.030770753740611115,0.03414251424544045,0.0
1779843468,frontend,shippingservice,0.0095486842105263,1310.9388888888889,12.044444444444444,0.0,2026-05-27 00:57:48+00:00,5,9,0.0008224534203726357,0.01242516605704269,0.018018736826707623,0.0
1779843468,recommendationservice,productcatalogservice,0.0095317444586357,17864.057834884505,22.779619420238305,0.0,2026-05-27 00:57:48+00:00,8,7,0.0008209943547489837,0.16931672935508396,0.034078779576683475,0.0
1779843483,checkoutservice,cartservice,0.0097057958338399,528.9955397351227,4.733472728111518,0.0,2026-05-27 00:58:03+00:00,2,1,0.0008359858599345306,0.005013854940419667,0.007081372640942369,0.0
1779843483,checkoutservice,currencyservice,0.0165995966756294,784.007190893066,7.999475625472158,0.0,2026-05-27 00:58:03+00:00,2,3,0.001429767155523635,0.007430872346016401,0.011967380206857994,0.0
1779843483,checkoutservice,emailservice,0.0093249854173957,456.5231865380911,2.5109511324416003,0.0,2026-05-27 00:58:03+00:00,2,4,0.0008031856517998019,0.004326957152391587,0.0037564345826724913,0.0
1779843483,checkoutservice,paymentservice,0.0091416268527366,302.45964908382587,2.4220622435527117,0.0,2026-05-27 00:58:03+00:00,2,6,0.0007873924937757623,0.0028667326885135395,0.003623454975095314,0.0
1779843483,checkoutservice,productcatalogservice,0.0061497748188969,864.1870306594494,5.532911655806899,0.0,2026-05-27 00:58:03+00:00,2,7,0.0005296963668300518,0.008190822204830018,0.008277349733419452,0.0
1779843483,checkoutservice,shippingservice,0.0049991891724463,587.6141492245478,4.688565968981914,0.0,2026-05-27 00:58:03+00:00,2,9,0.00043059338263964686,0.005569446023354408,0.007014191204867922,0.0
1779843483,frontend,adservice,0.016405,3605.788888888888,25.444444444444443,0.0,2026-05-27 00:58:03+00:00,5,0,0.0014130060292850992,0.03417590712337256,0.03806541266896721,0.0
1779843483,frontend,cartservice,0.019499572083026,5339.001872596742,43.737689760174256,0.0,2026-05-27 00:58:03+00:00,5,1,0.0016795497056869939,0.05060341516155831,0.06543248423220371,0.0
1779843483,frontend,checkoutservice,0.1727498500099988,556.1234798323186,2.4220622435527117,0.0,2026-05-27 00:58:03+00:00,5,2,0.01487940137898353,0.005270975362546174,0.003623454975095314,0.0
1779843483,frontend,currencyservice,0.0163233532934131,25919.97777777777,243.02222222222215,0.0,2026-05-27 00:58:03+00:00,5,3,0.0014059735825506549,0.2456712748499766,0.3635662471160046,0.0
1779843483,frontend,productcatalogservice,0.0093962962394755,38363.54183221486,174.109152679634,0.0,2026-05-27 00:58:03+00:00,5,7,0.0008093278414707581,0.36361220331604244,0.26047087648799294,0.0
1779843483,frontend,recommendationservice,0.043705357142857,3161.438888888889,22.53333333333333,0.0,2026-05-27 00:58:03+00:00,5,8,0.0037644579795742465,0.029964328243348305,0.033710330520814624,0.0
1779843483,frontend,shippingservice,0.009385294117647,1271.8,11.533333333333331,0.0,2026-05-27 00:58:03+00:00,5,9,0.0008083801996250647,0.012054205062709258,0.017254104083138846,0.0
1779843483,recommendationservice,productcatalogservice,0.0094078533764512,17675.372297527516,22.644205442721063,0.0,2026-05-27 00:58:03+00:00,8,7,0.0008103232882386909,0.16752835527136906,0.03387619747878801,0.0
1779843498,checkoutservice,cartservice,0.0095083333333333,606.0388888888888,5.155555555555555,0.0,2026-05-27 00:58:18+00:00,2,1,0.0008189778926213006,0.005744076932413223,0.0077128172394763245,0.0
1779843498,checkoutservice,currencyservice,0.0109749999999997,844.7444444444444,8.399999999999999,0.0,2026-05-27 00:58:18+00:00,2,3,0.0009453057708871405,0.008006544078406778,0.012566572916043321,0.0
1779843498,checkoutservice,emailservice,0.0091785714285714,487.3388888888889,2.488888888888889,0.0,2026-05-27 00:58:18+00:00,2,4,0.0007905746277839278,0.0046190304306491185,0.0037234290121609848,0.0
1779843498,checkoutservice,paymentservice,0.0089999999999999,349.9444444444444,2.533333333333333,0.0,2026-05-27 00:58:18+00:00,2,6,0.0007751937984496038,0.003316796739966347,0.0037899188159495737,0.0
1779843498,checkoutservice,productcatalogservice,0.0049709587891252,948.406182853446,5.755583210491097,0.0,2026-05-27 00:58:18+00:00,2,7,0.0004281618250753833,0.00898905693572635,0.00861047096297513,0.0
1779843498,checkoutservice,shippingservice,0.0049764502164502,659.8555555555555,5.199999999999999,0.0,2026-05-27 00:58:18+00:00,2,9,0.00042863481623171406,0.006254154881612366,0.007779307043264913,0.0
1779843498,frontend,adservice,0.0157166666666665,3530.8666666666663,24.64444444444444,0.0,2026-05-27 00:58:18+00:00,5,0,0.0013537180591444015,0.03346578931363791,0.036868596200772596,0.0
1779843498,frontend,cartservice,0.0192295918367345,5345.199999999999,43.71111111111111,0.0,2026-05-27 00:58:18+00:00,5,1,0.0016562955931726528,0.050662161425690765,0.0653927220260773,0.0
1779843498,frontend,checkoutservice,0.0989553571428571,636.8888888888888,2.533333333333333,0.0,2026-05-27 00:58:18+00:00,5,2,0.008523286575612153,0.00603647528607306,0.0037899188159495737,0.0
1779843498,frontend,currencyservice,0.012747899159664,25573.655555555557,239.2444444444444,0.0,2026-05-27 00:58:18+00:00,5,3,0.0010980102635369511,0.24238880977336102,0.3579146137939746,0.0
1779843498,frontend,productcatalogservice,0.0089812428965208,38404.61562034712,172.68983113204985,0.0,2026-05-27 00:58:18+00:00,5,7,0.0007735781995280621,0.3640015034142092,0.2583475422357277,0.0
1779843498,frontend,recommendationservice,0.0406499999999997,3311.9888888888886,23.111111111111107,0.0,2026-05-27 00:58:18+00:00,5,8,0.003501291989664057,0.031391251165341444,0.03457469797006628,0.0
1779843498,frontend,shippingservice,0.0091574074074074,1343.4666666666667,12.177777777777775,0.0,2026-05-27 00:58:18+00:00,5,9,0.0007887517146776401,0.012733466500168631,0.018218206238073388,0.0
1779843498,recommendationservice,productcatalogservice,0.0092109692410509,18415.39141450057,23.06678271862832,0.0,2026-05-27 00:58:18+00:00,8,7,0.0007933651370414212,0.17454230572452065,0.034508381782401294,0.0
1779843513,checkoutservice,cartservice,0.0095454545454545,525.5722222222222,4.755555555555555,0.0,2026-05-27 00:58:33+00:00,2,1,0.000822175240779888,0.004981408509144886,0.007114409005379023,0.0
1779843513,checkoutservice,currencyservice,0.0099320512820512,806.2388888888888,8.11111111111111,0.0,2026-05-27 00:58:33+00:00,2,3,0.0008554738399699569,0.007641585859567173,0.012134389191417495,0.0
1779843513,checkoutservice,emailservice,0.0089499999999999,454.7388888888888,2.4666666666666663,0.0,2026-05-27 00:58:33+00:00,2,4,0.000770887166235995,0.00431004546049318,0.00369018411026669,0.0
1779843513,checkoutservice,paymentservice,0.0092642857142857,302.03888888888883,2.4888888888888885,0.0,2026-05-27 00:58:33+00:00,2,6,0.0007979574258644014,0.0028627446953762565,0.0037234290121609843,0.0
1779843513,checkoutservice,productcatalogservice,0.0049722935361388,905.7673658016352,5.533127937749338,0.0,2026-05-27 00:58:33+00:00,2,7,0.00042827679036509906,0.008584923389277322,0.008277673295657557,0.0
1779843513,checkoutservice,shippingservice,0.0049792893401015,598.5777777777778,4.844444444444443,0.0,2026-05-27 00:58:33+00:00,2,9,0.00042887935745921626,0.005673360024621911,0.007247388612956201,0.0
1779843513,frontend,adservice,0.0105754816345578,3661.247834588805,25.888023761378868,0.0,2026-05-27 00:58:33+00:00,5,0,0.0009108941976363308,0.03470155070257405,0.03872901645828925,0.0
1779843513,frontend,cartservice,0.0176184210526316,5312.438888888888,44.08888888888888,0.0,2026-05-27 00:58:33+00:00,5,1,0.0015175211931637898,0.05035164943369868,0.06595788535828029,0.0
1779843513,frontend,checkoutservice,0.0990714285714285,566.6111111111111,2.4888888888888885,0.0,2026-05-27 00:58:33+00:00,5,2,0.008533284114679459,0.0053703778299598,0.0037234290121609843,0.0
1779843513,frontend,currencyservice,0.01243125,25687.55,242.68888888888887,0.0,2026-05-27 00:58:33+00:00,5,3,0.0010707364341085272,0.24346830889966756,0.3630675735875903,0.0
1779843513,frontend,productcatalogservice,0.0090836534983812,37846.68679148398,169.525808745112,0.0,2026-05-27 00:58:33+00:00,5,7,0.0007823990954678036,0.3587134168333683,0.2536140996126982,0.0
1779843513,frontend,recommendationservice,0.0383000000000003,3158.25,22.466666666666665,0.0,2026-05-27 00:58:33+00:00,5,8,0.0032988802756244878,0.029934103742177632,0.03361059581513175,0.0
1779843513,frontend,shippingservice,0.008840909090909,1234.1944444444443,11.333333333333332,0.0,2026-05-27 00:58:33+00:00,5,9,0.0007614908777699397,0.011697777103781932,0.016954899966090196,0.0
1779843513,recommendationservice,productcatalogservice,0.0091242090295058,17749.709736540666,22.354643125172807,0.0,2026-05-27 00:58:33+00:00,8,7,0.0007858922506034281,0.16823293046691956,0.03344300629102508,0.0
1779843528,checkoutservice,cartservice,0.0097360238939705,589.0690529107584,4.911434117141544,0.0,2026-05-27 00:58:48+00:00,2,1,0.0008385894826847977,0.0055832356973440885,0.007347606542309772,0.0
1779843528,checkoutservice,currencyservice,0.009753881125157,735.9885177282897,7.067143767317123,0.0,2026-05-27 00:58:48+00:00,2,3,0.0008401275732262705,0.006975748165195968,0.010572592554779969,0.0
1779843528,checkoutservice,emailservice,0.00930628260471,458.0295187506482,2.4668296513609222,0.0,2026-05-27 00:58:48+00:00,2,4,0.0008015747290878553,0.004341234269377534,0.003690427938724376,0.0
1779843528,checkoutservice,paymentservice,0.0099167064209309,327.5090767657909,2.4446074291387,0.0,2026-05-27 00:58:48+00:00,2,6,0.0008541521465056762,0.0031041528316035787,0.003657183036830082,0.0
1779843528,checkoutservice,productcatalogservice,0.0049756727271194,811.4516057432555,4.866764507262868,0.0,2026-05-27 00:58:48+00:00,2,7,0.0004285678490197588,0.0076909923369192544,0.007280779886396487,0.0
1779843528,checkoutservice,shippingservice,0.0071501866666666,634.9556103776799,4.911434117141544,0.0,2026-05-27 00:58:48+00:00,2,9,0.0006158644846396727,0.006018151543647017,0.007347606542309772,0.0
1779843528,frontend,adservice,0.009920259786754,3625.30474899643,25.35386096668592,0.0,2026-05-27 00:58:48+00:00,5,0,0.0008544582073000862,0.03436087974462705,0.037929897921557536,0.0
1779843528,frontend,cartservice,0.0175999999999999,5155.722222222222,42.68888888888888,0.0,2026-05-27 00:58:48+00:00,5,1,0.0015159345391903447,0.0488662784345288,0.06386345653893974,0.0
1779843528,frontend,checkoutservice,0.0988699979998666,597.1037175327081,2.422385206916478,0.0,2026-05-27 00:58:48+00:00,5,2,0.008515934366913575,0.0056593887834921275,0.0036239381349357875,0.0
1779843528,frontend,currencyservice,0.0157520588235294,25201.60555555555,237.3333333333333,0.0,2026-05-27 00:58:48+00:00,5,3,0.0013567664792014987,0.23886249510628987,0.3550555522310653,0.0
1779843528,frontend,productcatalogservice,0.0091311819673012,37089.044920667424,165.08151872067708,0.0,2026-05-27 00:58:48+00:00,5,7,0.0007864928481740913,0.3515324367461553,0.24696535024935232,0.0
1779843528,frontend,recommendationservice,0.0311153846153844,3100.7166666666662,21.77777777777777,0.0,2026-05-27 00:58:48+00:00,5,8,0.0026800503544689405,0.02938879897889629,0.03258000385640861,0.0
1779843528,frontend,shippingservice,0.009451923076923,1169.8055555555554,10.8,0.0,2026-05-27 00:58:48+00:00,5,9,0.0008141191280726099,0.011087494928576185,0.016157022320627133,0.0
1779843528,recommendationservice,productcatalogservice,0.0096462376746222,17313.59703637491,21.8434613285283,0.0,2026-05-27 00:58:48+00:00,8,7,0.0008308559581931266,0.16409942526307475,0.032678267800443264,0.0
1779843543,checkoutservice,cartservice,0.009705,567.8555555555555,4.8,0.0,2026-05-27 00:59:03+00:00,2,1,0.0008359173126614987,0.0053821727572459154,0.007180898809167613,0.0
1779843543,checkoutservice,currencyservice,0.0096194444444444,750.761111111111,7.377777777777776,0.0,2026-05-27 00:59:03+00:00,2,3,0.0008285481864293195,0.007115763788678079,0.011037307428905775,0.0
1779843543,checkoutservice,emailservice,0.0093888888888888,467.0222222222222,2.488888888888889,0.0,2026-05-27 00:59:03+00:00,2,4,0.0008086898267776746,0.004426467711518194,0.0037234290121609848,0.0
1779843543,checkoutservice,paymentservice,0.0099611111111111,301.65,2.4,0.0,2026-05-27 00:59:03+00:00,2,6,0.0008579768398889837,0.0028590587805993454,0.0035904494045838065,0.0
1779843543,checkoutservice,productcatalogservice,0.0049560565187523,871.6522195064745,5.022081497117604,0.0,2026-05-27 00:59:03+00:00,2,7,0.0004268782531225065,0.008261577761673774,0.007513137300457189,0.0
1779843543,checkoutservice,shippingservice,0.00784,624.5722222222221,4.8,0.0,2026-05-27 00:59:03+00:00,2,9,0.0006752799310938846,0.005919737099495739,0.007180898809167613,0.0
1779843543,frontend,adservice,0.009982510168455,3583.6541531487487,25.46610570394402,0.0,2026-05-27 00:59:03+00:00,5,0,0.0008598199972829457,0.03396611262453586,0.038097818359080875,0.0
1779843543,frontend,cartservice,0.0167842857142856,5140.227777777777,42.82222222222222,0.0,2026-05-27 00:59:03+00:00,5,1,0.00144567491079118,0.04871942105863158,0.06406292595030552,0.0
1779843543,frontend,checkoutservice,0.09892,589.3888888888888,2.4,0.0,2026-05-27 00:59:03+00:00,5,2,0.008520241171403962,0.005586267124036034,0.0035904494045838065,0.0
1779843543,frontend,currencyservice,0.0175988151658768,25064.766666666663,235.6222222222222,0.0,2026-05-27 00:59:03+00:00,5,3,0.001515832486294298,0.23756552700814557,0.35249569478520465,0.0
1779843543,frontend,productcatalogservice,0.0094255608731744,36843.35245898603,164.92862027675935,0.0,2026-05-27 00:59:03+00:00,5,7,0.000811848481754901,0.34920374723878833,0.24673661102979974,0.0
1779843543,frontend,recommendationservice,0.0370657894736842,3091.544444444444,21.82222222222222,0.0,2026-05-27 00:59:03+00:00,5,8,0.0031925744594043237,0.029301864046086566,0.0326464936601972,0.0
1779843543,frontend,shippingservice,0.0096326923076923,1193.5555555555554,10.933333333333332,0.0,2026-05-27 00:59:03+00:00,5,9,0.0008296892599218175,0.011312599009594698,0.016356491731992894,0.0
1779843543,recommendationservice,productcatalogservice,0.0102853799577824,17252.73449061215,22.021644508634843,0.0,2026-05-27 00:59:03+00:00,8,7,0.0008859069731078725,0.1635225660027643,0.03294483350582676,0.0
1779843558,checkoutservice,cartservice,0.012500300709556,644.0980928892543,5.621786734409215,0.0,2026-05-27 00:59:18+00:00,2,1,0.0010766839543114558,0.006104804601499471,0.008410308680523629,0.0
1779843558,checkoutservice,currencyservice,0.0107875,859.7888888888888,8.622222222222222,0.0,2026-05-27 00:59:18+00:00,2,3,0.0009291559000861327,0.008149136324347862,0.012899021934986267,0.0
1779843558,checkoutservice,emailservice,0.0098818181818181,530.2888888888889,2.7777777777777777,0.0,2026-05-27 00:59:18+00:00,2,4,0.0008511471302168906,0.0050261133897962825,0.004155612736786813,0.0
1779843558,checkoutservice,paymentservice,0.009855,372.7833333333333,2.7777777777777777,0.0,2026-05-27 00:59:18+00:00,2,6,0.0008488372093023255,0.003533265249221811,0.004155612736786813,0.0
1779843558,checkoutservice,productcatalogservice,0.0049729790634354,935.357114521611,5.866326964490685,0.0,2026-05-27 00:59:18+00:00,2,7,0.000428335836643876,0.00886537699741117,0.00877614589864563,0.0
1779843558,checkoutservice,shippingservice,0.0081857142857142,694.3499999999999,5.688888888888888,0.0,2026-05-27 00:59:18+00:00,2,9,0.0007050572166851164,0.0065810955223244,0.008510694884939394,0.0
1779843558,frontend,adservice,0.0099995048403712,3496.4111114815064,24.400810424398664,0.0,2026-05-27 00:59:18+00:00,5,0,0.0008612837933136263,0.033139217267914196,0.036504114691518555,0.0
1779843558,frontend,cartservice,0.019168748001986,5107.700017157825,42.15227557194807,0.0,2026-05-27 00:59:18+00:00,5,1,0.0016510549527981053,0.04841112077812865,0.06306067197048061,0.0
1779843558,frontend,checkoutservice,0.1860000000000001,677.8333333333333,2.8,0.0,2026-05-27 00:59:18+00:00,5,2,0.016020671834625334,0.006424549456156438,0.004188857638681108,0.0
1779843558,frontend,currencyservice,0.0184039823008849,24057.87222222222,222.77777777777771,0.0,2026-05-27 00:59:18+00:00,5,3,0.0015851836607136004,0.22802211443554293,0.33328014149030233,0.0
1779843558,frontend,productcatalogservice,0.0096131222460562,36973.67200661077,170.1681022088037,0.0,2026-05-27 00:59:18+00:00,5,7,0.0008280036387645306,0.35043892458644366,0.2545749838561482,0.0
1779843558,frontend,recommendationservice,0.0404483298060259,3171.8634773045387,22.731071563465083,0.0,2026-05-27 00:59:18+00:00,5,8,0.00348392160258621,0.030063133186308353,0.03400615098358129,0.0
1779843558,frontend,shippingservice,0.0098115384615384,1184.1277777777775,11.133333333333333,0.0,2026-05-27 00:59:18+00:00,5,9,0.000845093752070491,0.01122324190421729,0.016655695849041547,0.0
1779843558,recommendationservice,productcatalogservice,0.0099707906069186,17977.173512028396,23.26313891083548,0.0,2026-05-27 00:59:18+00:00,8,7,0.0008588105604581052,0.17038884727307396,0.03480213468798318,0.0
1779843573,checkoutservice,cartservice,0.0163375,609.3277777777777,5.288888888888888,0.0,2026-05-27 00:59:33+00:00,2,1,0.0014071920757967272,0.005775249240240816,0.007912286650842091,0.0
1779843573,checkoutservice,currencyservice,0.0174624999999999,894.4333333333333,8.866666666666665,0.0,2026-05-27 00:59:33+00:00,2,3,0.00150409130060292,0.008477498675045277,0.013264715855823506,0.0
1779843573,checkoutservice,emailservice,0.0099045454545454,526.2055555555555,2.644444444444444,0.0,2026-05-27 00:59:33+00:00,2,4,0.000853104690313988,0.0049874112846387125,0.003956143325421046,0.0
1779843573,checkoutservice,paymentservice,0.00941,346.9333333333333,2.6666666666666665,0.0,2026-05-27 00:59:33+00:00,2,6,0.0008105081826012059,0.0032882572284079767,0.003989388227315341,0.0
1779843573,checkoutservice,productcatalogservice,0.0049863479194709,1060.8919900525111,6.066910640309647,0.0,2026-05-27 00:59:33+00:00,2,7,0.00042948733156510766,0.010055204904449347,0.009076223206734556,0.0
1779843573,checkoutservice,shippingservice,0.007075,679.1777777777777,5.333333333333333,0.0,2026-05-27 00:59:33+00:00,2,9,0.0006093884582256676,0.006437292190099474,0.007978776454630682,0.0
1779843573,frontend,adservice,0.0098086206896551,3580.9388888888884,25.266666666666666,0.0,2026-05-27 00:59:33+00:00,5,0,0.0008448424366627993,0.033940377169127935,0.03779945345381285,0.0
1779843573,frontend,cartservice,0.0180285714285714,5214.677777777777,43.64444444444444,0.0,2026-05-27 00:59:33+00:00,5,1,0.0015528485295927133,0.04942506311470855,0.0652929873203944,0.0
1779843573,frontend,checkoutservice,0.2205,657.7222222222222,2.644444444444444,0.0,2026-05-27 00:59:33+00:00,5,2,0.018992248062015504,0.006233935006264738,0.003956143325421046,0.0
1779843573,frontend,currencyservice,0.0166859756097561,24016.305555555555,223.2444444444444,0.0,2026-05-27 00:59:33+00:00,5,3,0.0014372072015293798,0.2276281428018165,0.3339782844300826,0.0
1779843573,frontend,productcatalogservice,0.0096339303150506,37819.5730300886,174.65124309857737,0.0,2026-05-27 00:59:33+00:00,5,7,0.0008297958927692163,0.35845643079792144,0.26128185491379535,0.0
1779843573,frontend,recommendationservice,0.0370789473684209,3394.922222222222,24.066666666666663,0.0,2026-05-27 00:59:33+00:00,5,8,0.003193707783671051,0.03217729881948048,0.03600422875152095,0.0
1779843573,frontend,shippingservice,0.0092024999999999,1235.2444444444443,11.42222222222222,0.0,2026-05-27 00:59:33+00:00,5,9,0.0007926356589147201,0.011707729073679592,0.017087879573667374,0.0
1779843573,recommendationservice,productcatalogservice,0.0098742452977272,19143.84790764773,24.02317885519717,0.0,2026-05-27 00:59:33+00:00,8,7,0.0008504948576853748,0.18144666485933583,0.0359391700903554,0.0
1779843588,checkoutservice,cartservice,0.0179199999999999,612.9444444444443,5.333333333333332,0.0,2026-05-27 00:59:48+00:00,2,1,0.001543496985357442,0.005809528247666091,0.00797877645463068,0.0
1779843588,checkoutservice,currencyservice,0.0199137163583033,849.5082838921849,7.9109926004933,0.0,2026-05-27 00:59:48+00:00,2,3,0.0017152210472268132,0.008051696065817446,0.011835007780045028,0.0
1779843588,checkoutservice,emailservice,0.009940909090909,471.4555555555555,2.4666666666666663,0.0,2026-05-27 00:59:48+00:00,2,4,0.0008562367864693368,0.004468487139974983,0.00369018411026669,0.0
1779843588,checkoutservice,paymentservice,0.0092499999999999,350.44444444444434,2.6,0.0,2026-05-27 00:59:48+00:00,2,6,0.0007967269595176487,0.003321535773250947,0.0038896535216324576,0.0
1779843588,checkoutservice,productcatalogservice,0.007549918511275,901.8341156250924,5.511229640165546,0.0,2026-05-27 00:59:48+00:00,2,7,0.00065029444541559,0.008547643782270731,0.00824491299169042,0.0
1779843588,checkoutservice,shippingservice,0.0059666666666667,684.8111111111109,5.333333333333332,0.0,2026-05-27 00:59:48+00:00,2,9,0.0005139247774906719,0.006490685298439303,0.00797877645463068,0.0
1779843588,frontend,adservice,0.0097950690973815,3579.776153369431,25.044165932115085,0.0,2026-05-27 00:59:48+00:00,5,0,0.0008436752021861758,0.03392935668447214,0.037466587774691945,0.0
1779843588,frontend,cartservice,0.0172324324324324,5109.294444444444,42.71111111111111,0.0,2026-05-27 00:59:48+00:00,5,1,0.001484274972647063,0.048426232866090976,0.06389670144083404,0.0
1779843588,frontend,checkoutservice,0.2202499999999998,636.2222222222222,2.622222222222222,0.0,2026-05-27 00:59:48+00:00,5,2,0.018970714900947445,0.006030156575026926,0.003922898423526751,0.0
1779843588,frontend,currencyservice,0.0164835687144537,23814.37741372797,222.30743135642808,0.0,2026-05-27 00:59:48+00:00,5,3,0.0014197733604180622,0.22571425443137969,0.33257649356176777,0.0
1779843588,frontend,productcatalogservice,0.0096252400289301,37104.64810205352,172.89262848055628,0.0,2026-05-27 00:59:48+00:00,5,7,0.0008290473754461757,0.3516803247380241,0.25865093124372607,0.0
1779843588,frontend,recommendationservice,0.0331250000000001,3269.4888888888886,23.51111111111111,0.0,2026-05-27 00:59:48+00:00,5,8,0.002853143841515943,0.030988433336150423,0.035173106204163584,0.0
1779843588,frontend,shippingservice,0.0092578947368421,1152.5444444444445,10.8,0.0,2026-05-27 00:59:48+00:00,5,9,0.0007974069540777004,0.010923892968406708,0.016157022320627133,0.0
1779843588,recommendationservice,productcatalogservice,0.0096485530142361,18425.344347151844,23.51160300668701,0.0,2026-05-27 00:59:48+00:00,8,7,0.00083105538451646,0.1746366402827482,0.03517384209007093,0.0
1779843603,checkoutservice,cartservice,0.0143995288470086,547.5165234440592,4.555757054948094,0.0,2026-05-27 01:00:03+00:00,2,1,0.001240269495866374,0.005189398056940046,0.006815506335569525,0.0
1779843603,checkoutservice,currencyservice,0.01890625,720.4222222222221,6.844444444444443,0.0,2026-05-27 01:00:03+00:00,2,3,0.0016284453057708872,0.006828209780153612,0.010239429783442706,0.0
1779843603,checkoutservice,emailservice,0.009485,415.5333333333333,2.3777777777777773,0.0,2026-05-27 01:00:03+00:00,2,4,0.0008169681309216194,0.003938452595055135,0.0035572045026895116,0.0
1779843603,checkoutservice,paymentservice,0.0092714285714285,285.7055555555555,2.2888888888888888,0.0,2026-05-27 01:00:03+00:00,2,6,0.0007985726590377692,0.002707936274745981,0.003424224895112334,0.0
1779843603,checkoutservice,productcatalogservice,0.007099559869661,779.2121286448803,4.600415927986385,0.0,2026-05-27 01:00:03+00:00,2,7,0.0006115038647425496,0.007385424426824637,0.006882316928948575,0.0
1779843603,checkoutservice,shippingservice,0.0049988235294117,586.7388888888888,4.444444444444444,0.0,2026-05-27 01:00:03+00:00,2,9,0.00043056188883821704,0.005561150247627653,0.0066489803788589005,0.0
1779843603,frontend,adservice,0.0096720448607861,3628.092990837648,25.55470376049004,0.0,2026-05-27 01:00:03+00:00,5,0,0.0008330787993786477,0.03438730688640915,0.038230362875486264,0.0
