timestamp,src_service,dst_service,network_latency_seconds,payload_size_bytes,edge_request_rate_rps,time,src_id,dst_id,network_latency_seconds_norm,payload_size_bytes_norm,edge_request_rate_rps_norm
1779715510,checkoutservice,cartservice,0.0,0.0,0.0,2026-05-25 13:25:10+00:00,2,1,0.0,0.0,0.0
1779715510,checkoutservice,currencyservice,0.0,0.0,0.0,2026-05-25 13:25:10+00:00,2,3,0.0,0.0,0.0
1779715510,checkoutservice,emailservice,0.0,0.0,0.0,2026-05-25 13:25:10+00:00,2,4,0.0,0.0,0.0
1779715510,checkoutservice,paymentservice,0.0,0.0,0.0,2026-05-25 13:25:10+00:00,2,6,0.0,0.0,0.0
1779715510,checkoutservice,productcatalogservice,0.0,0.0,0.0,2026-05-25 13:25:10+00:00,2,7,0.0,0.0,0.0
1779715510,checkoutservice,shippingservice,0.0,0.0,0.0,2026-05-25 13:25:10+00:00,2,9,0.0,0.0,0.0
1779715510,frontend,adservice,0.0,0.0,0.0,2026-05-25 13:25:10+00:00,5,0,0.0,0.0,0.0
1779715510,frontend,cartservice,0.0,0.0,0.0,2026-05-25 13:25:10+00:00,5,1,0.0,0.0,0.0
1779715510,frontend,checkoutservice,0.0,0.0,0.0,2026-05-25 13:25:10+00:00,5,2,0.0,0.0,0.0
1779715510,frontend,currencyservice,0.0,0.0,0.0,2026-05-25 13:25:10+00:00,5,3,0.0,0.0,0.0
1779715510,frontend,productcatalogservice,0.0,0.0,0.0,2026-05-25 13:25:10+00:00,5,7,0.0,0.0,0.0
1779715510,frontend,recommendationservice,0.0,0.0,0.0,2026-05-25 13:25:10+00:00,5,8,0.0,0.0,0.0
1779715510,frontend,shippingservice,0.0,0.0,0.0,2026-05-25 13:25:10+00:00,5,9,0.0,0.0,0.0
1779715510,recommendationservice,productcatalogservice,0.0,0.0,0.0,2026-05-25 13:25:10+00:00,8,7,0.0,0.0,0.0
1779715525,checkoutservice,cartservice,0.0,0.0,0.0,2026-05-25 13:25:25+00:00,2,1,0.0,0.0,0.0
1779715525,checkoutservice,currencyservice,0.0,0.0,0.0,2026-05-25 13:25:25+00:00,2,3,0.0,0.0,0.0
1779715525,checkoutservice,emailservice,0.0,0.0,0.0,2026-05-25 13:25:25+00:00,2,4,0.0,0.0,0.0
1779715525,checkoutservice,paymentservice,0.0,0.0,0.0,2026-05-25 13:25:25+00:00,2,6,0.0,0.0,0.0
1779715525,checkoutservice,productcatalogservice,0.0,0.0,0.0,2026-05-25 13:25:25+00:00,2,7,0.0,0.0,0.0
1779715525,checkoutservice,shippingservice,0.0,0.0,0.0,2026-05-25 13:25:25+00:00,2,9,0.0,0.0,0.0
1779715525,frontend,adservice,0.0,0.0,0.0,2026-05-25 13:25:25+00:00,5,0,0.0,0.0,0.0
1779715525,frontend,cartservice,0.0,0.0,0.0,2026-05-25 13:25:25+00:00,5,1,0.0,0.0,0.0
1779715525,frontend,checkoutservice,0.0,0.0,0.0,2026-05-25 13:25:25+00:00,5,2,0.0,0.0,0.0
1779715525,frontend,currencyservice,0.0,0.0,0.0,2026-05-25 13:25:25+00:00,5,3,0.0,0.0,0.0
1779715525,frontend,productcatalogservice,0.0,0.0,0.0,2026-05-25 13:25:25+00:00,5,7,0.0,0.0,0.0
1779715525,frontend,recommendationservice,0.0,0.0,0.0,2026-05-25 13:25:25+00:00,5,8,0.0,0.0,0.0
1779715525,frontend,shippingservice,0.0,0.0,0.0,2026-05-25 13:25:25+00:00,5,9,0.0,0.0,0.0
1779715525,recommendationservice,productcatalogservice,0.0,0.0,0.0,2026-05-25 13:25:25+00:00,8,7,0.0,0.0,0.0
1779715540,checkoutservice,cartservice,0.0,0.0,0.0,2026-05-25 13:25:40+00:00,2,1,0.0,0.0,0.0
1779715540,checkoutservice,currencyservice,0.0,0.0,0.0,2026-05-25 13:25:40+00:00,2,3,0.0,0.0,0.0
1779715540,checkoutservice,emailservice,0.0,0.0,0.0,2026-05-25 13:25:40+00:00,2,4,0.0,0.0,0.0
1779715540,checkoutservice,paymentservice,0.0,0.0,0.0,2026-05-25 13:25:40+00:00,2,6,0.0,0.0,0.0
1779715540,checkoutservice,productcatalogservice,0.0,0.0,0.0,2026-05-25 13:25:40+00:00,2,7,0.0,0.0,0.0
1779715540,checkoutservice,shippingservice,0.0,0.0,0.0,2026-05-25 13:25:40+00:00,2,9,0.0,0.0,0.0
1779715540,frontend,adservice,0.0,0.0,0.0,2026-05-25 13:25:40+00:00,5,0,0.0,0.0,0.0
1779715540,frontend,cartservice,0.0,0.0,0.0,2026-05-25 13:25:40+00:00,5,1,0.0,0.0,0.0
1779715540,frontend,checkoutservice,0.0,0.0,0.0,2026-05-25 13:25:40+00:00,5,2,0.0,0.0,0.0
1779715540,frontend,currencyservice,0.0,0.0,0.0,2026-05-25 13:25:40+00:00,5,3,0.0,0.0,0.0
1779715540,frontend,productcatalogservice,0.0,0.0,0.0,2026-05-25 13:25:40+00:00,5,7,0.0,0.0,0.0
1779715540,frontend,recommendationservice,0.0,0.0,0.0,2026-05-25 13:25:40+00:00,5,8,0.0,0.0,0.0
1779715540,frontend,shippingservice,0.0,0.0,0.0,2026-05-25 13:25:40+00:00,5,9,0.0,0.0,0.0
1779715540,recommendationservice,productcatalogservice,0.0,0.0,0.0,2026-05-25 13:25:40+00:00,8,7,0.0,0.0,0.0
1779715555,checkoutservice,cartservice,0.0,0.0,0.0,2026-05-25 13:25:55+00:00,2,1,0.0,0.0,0.0
1779715555,checkoutservice,currencyservice,0.0,0.0,0.0,2026-05-25 13:25:55+00:00,2,3,0.0,0.0,0.0
1779715555,checkoutservice,emailservice,0.0,0.0,0.0,2026-05-25 13:25:55+00:00,2,4,0.0,0.0,0.0
1779715555,checkoutservice,paymentservice,0.0,0.0,0.0,2026-05-25 13:25:55+00:00,2,6,0.0,0.0,0.0
1779715555,checkoutservice,productcatalogservice,0.0,0.0,0.0,2026-05-25 13:25:55+00:00,2,7,0.0,0.0,0.0
1779715555,checkoutservice,shippingservice,0.0,0.0,0.0,2026-05-25 13:25:55+00:00,2,9,0.0,0.0,0.0
1779715555,frontend,adservice,0.0,0.0,0.0,2026-05-25 13:25:55+00:00,5,0,0.0,0.0,0.0
1779715555,frontend,cartservice,0.0,0.0,0.0,2026-05-25 13:25:55+00:00,5,1,0.0,0.0,0.0
1779715555,frontend,checkoutservice,0.0,0.0,0.0,2026-05-25 13:25:55+00:00,5,2,0.0,0.0,0.0
1779715555,frontend,currencyservice,0.0,0.0,0.0,2026-05-25 13:25:55+00:00,5,3,0.0,0.0,0.0
1779715555,frontend,productcatalogservice,0.0,0.0,0.0,2026-05-25 13:25:55+00:00,5,7,0.0,0.0,0.0
1779715555,frontend,recommendationservice,0.0,0.0,0.0,2026-05-25 13:25:55+00:00,5,8,0.0,0.0,0.0
1779715555,frontend,shippingservice,0.0,0.0,0.0,2026-05-25 13:25:55+00:00,5,9,0.0,0.0,0.0
1779715555,recommendationservice,productcatalogservice,0.0,0.0,0.0,2026-05-25 13:25:55+00:00,8,7,0.0,0.0,0.0
1779715570,checkoutservice,cartservice,0.0,0.0,0.0,2026-05-25 13:26:10+00:00,2,1,0.0,0.0,0.0
1779715570,checkoutservice,currencyservice,0.0,0.0,0.0,2026-05-25 13:26:10+00:00,2,3,0.0,0.0,0.0
1779715570,checkoutservice,emailservice,0.0,0.0,0.0,2026-05-25 13:26:10+00:00,2,4,0.0,0.0,0.0
1779715570,checkoutservice,paymentservice,0.0,0.0,0.0,2026-05-25 13:26:10+00:00,2,6,0.0,0.0,0.0
1779715570,checkoutservice,productcatalogservice,0.0,0.0,0.0,2026-05-25 13:26:10+00:00,2,7,0.0,0.0,0.0
1779715570,checkoutservice,shippingservice,0.0,0.0,0.0,2026-05-25 13:26:10+00:00,2,9,0.0,0.0,0.0
1779715570,frontend,adservice,0.0,0.0,0.0,2026-05-25 13:26:10+00:00,5,0,0.0,0.0,0.0
1779715570,frontend,cartservice,0.0,0.0,0.0,2026-05-25 13:26:10+00:00,5,1,0.0,0.0,0.0
1779715570,frontend,checkoutservice,0.0,0.0,0.0,2026-05-25 13:26:10+00:00,5,2,0.0,0.0,0.0
1779715570,frontend,currencyservice,0.0,0.0,0.0,2026-05-25 13:26:10+00:00,5,3,0.0,0.0,0.0
1779715570,frontend,productcatalogservice,0.0,0.0,0.0,2026-05-25 13:26:10+00:00,5,7,0.0,0.0,0.0
1779715570,frontend,recommendationservice,0.0,0.0,0.0,2026-05-25 13:26:10+00:00,5,8,0.0,0.0,0.0
1779715570,frontend,shippingservice,0.0,0.0,0.0,2026-05-25 13:26:10+00:00,5,9,0.0,0.0,0.0
1779715570,recommendationservice,productcatalogservice,0.0,0.0,0.0,2026-05-25 13:26:10+00:00,8,7,0.0,0.0,0.0
1779715585,checkoutservice,cartservice,0.0,0.0,0.0,2026-05-25 13:26:25+00:00,2,1,0.0,0.0,0.0
1779715585,checkoutservice,currencyservice,0.0,0.0,0.0,2026-05-25 13:26:25+00:00,2,3,0.0,0.0,0.0
1779715585,checkoutservice,emailservice,0.0,0.0,0.0,2026-05-25 13:26:25+00:00,2,4,0.0,0.0,0.0
1779715585,checkoutservice,paymentservice,0.0,0.0,0.0,2026-05-25 13:26:25+00:00,2,6,0.0,0.0,0.0
1779715585,checkoutservice,productcatalogservice,0.0,0.0,0.0,2026-05-25 13:26:25+00:00,2,7,0.0,0.0,0.0
1779715585,checkoutservice,shippingservice,0.0,0.0,0.0,2026-05-25 13:26:25+00:00,2,9,0.0,0.0,0.0
1779715585,frontend,adservice,0.0,0.0,0.0,2026-05-25 13:26:25+00:00,5,0,0.0,0.0,0.0
1779715585,frontend,cartservice,0.0,0.0,0.0,2026-05-25 13:26:25+00:00,5,1,0.0,0.0,0.0
1779715585,frontend,checkoutservice,0.0,0.0,0.0,2026-05-25 13:26:25+00:00,5,2,0.0,0.0,0.0
1779715585,frontend,currencyservice,0.0,0.0,0.0,2026-05-25 13:26:25+00:00,5,3,0.0,0.0,0.0
1779715585,frontend,productcatalogservice,0.0,0.0,0.0,2026-05-25 13:26:25+00:00,5,7,0.0,0.0,0.0
1779715585,frontend,recommendationservice,0.0,0.0,0.0,2026-05-25 13:26:25+00:00,5,8,0.0,0.0,0.0
1779715585,frontend,shippingservice,0.0,0.0,0.0,2026-05-25 13:26:25+00:00,5,9,0.0,0.0,0.0
1779715585,recommendationservice,productcatalogservice,0.0,0.0,0.0,2026-05-25 13:26:25+00:00,8,7,0.0,0.0,0.0
1779715600,checkoutservice,cartservice,0.0,0.0,0.0,2026-05-25 13:26:40+00:00,2,1,0.0,0.0,0.0
1779715600,checkoutservice,currencyservice,0.0,0.0,0.0,2026-05-25 13:26:40+00:00,2,3,0.0,0.0,0.0
1779715600,checkoutservice,emailservice,0.0,0.0,0.0,2026-05-25 13:26:40+00:00,2,4,0.0,0.0,0.0
1779715600,checkoutservice,paymentservice,0.0,0.0,0.0,2026-05-25 13:26:40+00:00,2,6,0.0,0.0,0.0
1779715600,checkoutservice,productcatalogservice,0.0,0.0,0.0,2026-05-25 13:26:40+00:00,2,7,0.0,0.0,0.0
1779715600,checkoutservice,shippingservice,0.0,0.0,0.0,2026-05-25 13:26:40+00:00,2,9,0.0,0.0,0.0
1779715600,frontend,adservice,0.0,0.0,0.0,2026-05-25 13:26:40+00:00,5,0,0.0,0.0,0.0
1779715600,frontend,cartservice,0.0,0.0,0.0,2026-05-25 13:26:40+00:00,5,1,0.0,0.0,0.0
1779715600,frontend,checkoutservice,0.0,0.0,0.0,2026-05-25 13:26:40+00:00,5,2,0.0,0.0,0.0
1779715600,frontend,currencyservice,0.0,0.0,0.0,2026-05-25 13:26:40+00:00,5,3,0.0,0.0,0.0
1779715600,frontend,productcatalogservice,0.0,0.0,0.0,2026-05-25 13:26:40+00:00,5,7,0.0,0.0,0.0
1779715600,frontend,recommendationservice,0.0,0.0,0.0,2026-05-25 13:26:40+00:00,5,8,0.0,0.0,0.0
1779715600,frontend,shippingservice,0.0,0.0,0.0,2026-05-25 13:26:40+00:00,5,9,0.0,0.0,0.0
1779715600,recommendationservice,productcatalogservice,0.0,0.0,0.0,2026-05-25 13:26:40+00:00,8,7,0.0,0.0,0.0
1779715615,checkoutservice,cartservice,0.0,0.0,0.0,2026-05-25 13:26:55+00:00,2,1,0.0,0.0,0.0
1779715615,checkoutservice,currencyservice,0.0,0.0,0.0,2026-05-25 13:26:55+00:00,2,3,0.0,0.0,0.0
1779715615,checkoutservice,emailservice,0.0,0.0,0.0,2026-05-25 13:26:55+00:00,2,4,0.0,0.0,0.0
1779715615,checkoutservice,paymentservice,0.0,0.0,0.0,2026-05-25 13:26:55+00:00,2,6,0.0,0.0,0.0
1779715615,checkoutservice,productcatalogservice,0.0,0.0,0.0,2026-05-25 13:26:55+00:00,2,7,0.0,0.0,0.0
1779715615,checkoutservice,shippingservice,0.0,0.0,0.0,2026-05-25 13:26:55+00:00,2,9,0.0,0.0,0.0
1779715615,frontend,adservice,0.0,0.0,0.0,2026-05-25 13:26:55+00:00,5,0,0.0,0.0,0.0
1779715615,frontend,cartservice,0.0,0.0,0.0,2026-05-25 13:26:55+00:00,5,1,0.0,0.0,0.0
1779715615,frontend,checkoutservice,0.0,0.0,0.0,2026-05-25 13:26:55+00:00,5,2,0.0,0.0,0.0
1779715615,frontend,currencyservice,0.0,0.0,0.0,2026-05-25 13:26:55+00:00,5,3,0.0,0.0,0.0
1779715615,frontend,productcatalogservice,0.0,0.0,0.0,2026-05-25 13:26:55+00:00,5,7,0.0,0.0,0.0
1779715615,frontend,recommendationservice,0.0,0.0,0.0,2026-05-25 13:26:55+00:00,5,8,0.0,0.0,0.0
1779715615,frontend,shippingservice,0.0,0.0,0.0,2026-05-25 13:26:55+00:00,5,9,0.0,0.0,0.0
1779715615,recommendationservice,productcatalogservice,0.0,0.0,0.0,2026-05-25 13:26:55+00:00,8,7,0.0,0.0,0.0
1779715630,checkoutservice,cartservice,0.0,0.0,0.0,2026-05-25 13:27:10+00:00,2,1,0.0,0.0,0.0
1779715630,checkoutservice,currencyservice,0.0,0.0,0.0,2026-05-25 13:27:10+00:00,2,3,0.0,0.0,0.0
1779715630,checkoutservice,emailservice,0.0,0.0,0.0,2026-05-25 13:27:10+00:00,2,4,0.0,0.0,0.0
1779715630,checkoutservice,paymentservice,0.0,0.0,0.0,2026-05-25 13:27:10+00:00,2,6,0.0,0.0,0.0
1779715630,checkoutservice,productcatalogservice,0.0,0.0,0.0,2026-05-25 13:27:10+00:00,2,7,0.0,0.0,0.0
1779715630,checkoutservice,shippingservice,0.0,0.0,0.0,2026-05-25 13:27:10+00:00,2,9,0.0,0.0,0.0
1779715630,frontend,adservice,0.0,0.0,0.02222222222222222,2026-05-25 13:27:10+00:00,5,0,0.0,0.0,5.5557394527640026e-05
1779715630,frontend,cartservice,0.0,0.0,0.1111111111111111,2026-05-25 13:27:10+00:00,5,1,0.0,0.0,0.00027778697263820015
1779715630,frontend,checkoutservice,0.0,0.0,0.0,2026-05-25 13:27:10+00:00,5,2,0.0,0.0,0.0
1779715630,frontend,currencyservice,0.0,0.0,0.39999999999999997,2026-05-25 13:27:10+00:00,5,3,0.0,0.0,0.0010000331014975205
1779715630,frontend,productcatalogservice,0.0,0.0,0.2222222222222222,2026-05-25 13:27:10+00:00,5,7,0.0,0.0,0.0005555739452764003
1779715630,frontend,recommendationservice,0.0,0.0,0.02222222222222222,2026-05-25 13:27:10+00:00,5,8,0.0,0.0,5.5557394527640026e-05
1779715630,frontend,shippingservice,0.0,0.0,0.02222222222222222,2026-05-25 13:27:10+00:00,5,9,0.0,0.0,5.5557394527640026e-05
1779715630,recommendationservice,productcatalogservice,0.0,0.0,0.0,2026-05-25 13:27:10+00:00,8,7,0.0,0.0,0.0
1779715645,checkoutservice,cartservice,0.024099973333333333,31.832591177080555,0.3555318539586605,2026-05-25 13:27:25+00:00,2,1,0.09786792526072091,0.0004898745611870467,0.0008888590564886071
1779715645,checkoutservice,currencyservice,0.024399999999999998,7.599324504488491,0.24442271798062398,2026-05-25 13:27:25+00:00,2,3,0.09908630782834572,0.0001169466769527271,0.000611077021846543
1779715645,checkoutservice,emailservice,0.0247,7.782641542973959,0.15554370475710805,2026-05-25 13:27:25+00:00,2,4,0.10030458210492375,0.00011976775907220077,0.0003888721337166635
1779715645,checkoutservice,paymentservice,0.0247,6.338325482179362,0.13332148253488582,2026-05-25 13:27:25+00:00,2,6,0.10030458210492375,9.754105146422632e-05,0.0003333147391890235
1779715645,checkoutservice,productcatalogservice,0.02454998666666667,29.26051017687317,0.1333234576679604,2026-05-25 13:27:25+00:00,2,7,0.09969539082111135,0.0004502925791766934,0.00033331967718515956
1779715645,checkoutservice,shippingservice,0.00969999111111111,32.86587315695395,0.3555318539586605,2026-05-25 13:27:25+00:00,2,9,0.03939083217900708,0.0005057758289681443,0.0008888590564886071
1779715645,frontend,adservice,0.031999999999999924,234.27777777777777,1.7555555555555555,2026-05-25 13:27:25+00:00,5,0,0.12994925616832198,0.003605321443872822,0.004389034167683562
1779715645,frontend,cartservice,0.022257142857142875,286.8833333333333,3.7111111111111104,2026-05-25 13:27:25+00:00,5,1,0.09038434870993137,0.004414872991229515,0.009278084886115884
1779715645,frontend,checkoutservice,0.24624996666814808,43.052982944725905,0.26665481586821915,2026-05-25 13:27:25+00:00,5,2,0.9999999999999999,0.0006625461625325116,0.0006666591063548637
1779715645,frontend,currencyservice,0.017350000000000015,627.4055555555555,12.355555555555554,2026-05-25 13:27:25+00:00,5,3,0.07045686232876229,0.009655199587879757,0.030889911357367857
1779715645,frontend,productcatalogservice,0.00958965517241379,2058.538888888889,11.044444444444443,2026-05-25 13:27:25+00:00,5,7,0.03894276739268364,0.0316790370369529,0.027612025080237093
1779715645,frontend,recommendationservice,0.03175000000000003,229.2888888888889,2.1111111111111107,2026-05-25 13:27:25+00:00,5,8,0.12893402760450737,0.0035285469914991493,0.005277952480125803
1779715645,frontend,shippingservice,0.01810000000000007,108.6611111111111,1.1777777777777776,2026-05-25 13:27:25+00:00,5,9,0.07350254802020757,0.0016721954498626634,0.0029445419099649213
1779715645,recommendationservice,productcatalogservice,0.0175,886.2888888888888,1.4888888888888887,2026-05-25 13:27:25+00:00,8,7,0.07106599946705125,0.013639178102535428,0.003722345433351882
1779715660,checkoutservice,cartservice,0.021699999999999997,118.84444444444443,1.0222222222222221,2026-05-25 13:27:40+00:00,2,1,0.08812183933914354,0.0018289076672356511,0.002555640148271441
1779715660,checkoutservice,currencyservice,0.020649999999999984,70.04444444444444,0.7555555555555555,2026-05-25 13:27:40+00:00,2,3,0.08385787937112041,0.0010779201509212365,0.0018889514139397612
1779715660,checkoutservice,emailservice,0.021999999999999978,84.58888888888887,0.4888888888888888,2026-05-25 13:27:40+00:00,2,4,0.08934011361572147,0.0013017458929193166,0.0012222626796080805
1779715660,checkoutservice,paymentservice,0.023949999999999996,50.78333333333333,0.42222222222222217,2026-05-25 13:27:40+00:00,2,6,0.0972588964134787,0.0007815092084050621,0.0010555904960251605
1779715660,checkoutservice,productcatalogservice,0.022749999999999982,69.27222222222221,0.33333333333333326,2026-05-25 13:27:40+00:00,2,7,0.09238579930716655,0.0010660363548411244,0.0008333609179146003
1779715660,checkoutservice,shippingservice,0.007799999999999994,124.38888888888889,1.0666666666666664,2026-05-25 13:27:40+00:00,2,9,0.03167513119102853,0.0019142316131921387,0.002666754937326721
1779715660,frontend,adservice,0.0100000000000006,638.4777777777776,4.6,2026-05-25 13:27:40+00:00,5,0,0.04060914255260315,0.009825590994985247,0.011500380667221486
1779715660,frontend,cartservice,0.021019230769230745,822.3166666666666,8.6,2026-05-25 13:27:40+00:00,5,1,0.08535729386537025,0.012654703916474353,0.021500711682196694
1779715660,frontend,checkoutservice,0.2320000000000001,128.6111111111111,0.5333333333333332,2026-05-25 13:27:40+00:00,5,2,0.9421321072203369,0.0019792077644215276,0.0013333774686633605
1779715660,frontend,currencyservice,0.009982178217821784,2905.227777777777,36.11111111111111,2026-05-25 13:27:40+00:00,5,3,0.040536769823299054,0.04470880723690532,0.09028076610741505
1779715660,frontend,productcatalogservice,0.009321830985915476,6135.733333333333,29.35555555555555,2026-05-25 13:27:40+00:00,5,7,0.0378551563358292,0.09442334296654846,0.07339131817101248
1779715660,frontend,recommendationservice,0.024764655172413788,587.8555555555554,4.688888888888888,2026-05-25 13:27:40+00:00,5,8,0.10056714121625521,0.009046561139719201,0.011722610245332046
1779715660,frontend,shippingservice,0.01,225.9222222222222,2.4666666666666663,2026-05-25 13:27:40+00:00,5,9,0.040609142552600716,0.0034767370603872934,0.006166870792568043
1779715660,recommendationservice,productcatalogservice,0.009716666666666669,2962.244444444444,4.133333333333333,2026-05-25 13:27:40+00:00,8,7,0.03945855018027703,0.045586241763309554,0.010333675382141045
1779715675,checkoutservice,cartservice,0.02020000000000001,173.43888888888887,1.5555555555555554,2026-05-25 13:27:55+00:00,2,1,0.08203046795625347,0.0026690664016188197,0.003889017616934802
1779715675,checkoutservice,currencyservice,0.01660000000000003,127.03888888888888,1.4888888888888887,2026-05-25 13:27:55+00:00,2,3,0.06741117663731731,0.001955012697582163,0.003722345433351882
1779715675,checkoutservice,emailservice,0.020199699959994696,140.36743269472967,0.7333777837044939,2026-05-25 13:27:55+00:00,2,4,0.08202924951951875,0.0021601268371074962,0.0018335051490184573
1779715675,checkoutservice,paymentservice,0.02289999999999999,88.00555555555555,0.6888888888888889,2026-05-25 13:27:55+00:00,2,6,0.09299493644545559,0.0013543252784536251,0.001722279230356841
1779715675,checkoutservice,productcatalogservice,0.01990000000000002,138.58888888888887,0.7555555555555555,2026-05-25 13:27:55+00:00,2,7,0.08081219367967549,0.002132756669168874,0.0018889514139397612
1779715675,checkoutservice,shippingservice,0.00893333333333334,182.58888888888885,1.5555555555555554,2026-05-25 13:27:55+00:00,2,9,0.03627750068032333,0.002809876560927772,0.003889017616934802
1779715675,frontend,adservice,0.009966666666666664,1041.0222222222221,7.31111111111111,2026-05-25 13:27:55+00:00,5,0,0.04047377874409203,0.01602038305522089,0.018278382799593568
1779715675,frontend,cartservice,0.01975937499999997,1379.9055555555553,13.02222222222222,2026-05-25 13:27:55+00:00,5,1,0.08024112761252936,0.021235488645801825,0.03255663319319706
1779715675,frontend,checkoutservice,0.22450000000000003,188.66666666666663,0.7999999999999999,2026-05-25 13:27:55+00:00,5,2,0.9116752503058861,0.0029034080207237614,0.002000066202995041
1779715675,frontend,currencyservice,0.009969588744588745,5644.4944444444445,60.8,2026-05-25 13:27:55+00:00,5,3,0.04048564505198079,0.08686362425581651,0.15200503142762312
1779715675,frontend,productcatalogservice,0.00932704081632652,10108.877777777776,45.599999999999994,2026-05-25 13:27:55+00:00,5,7,0.037876313010412894,0.1555664142430187,0.11400377357071734
1779715675,frontend,recommendationservice,0.02466117647058824,917.1555555555555,6.844444444444443,2026-05-25 13:27:55+00:00,5,8,0.10014692308089602,0.014114187965996595,0.01711167751451313
1779715675,frontend,shippingservice,0.009599999999999992,356.5666666666666,3.4888888888888885,2026-05-25 13:27:55+00:00,5,9,0.03898477685049665,0.005487235971321921,0.008722510940839484
1779715675,recommendationservice,productcatalogservice,0.009527777777777772,4752.738888888889,6.288888888888888,2026-05-25 13:27:55+00:00,8,7,0.038691488598727876,0.07314031913642619,0.015722742651322126
1779715690,checkoutservice,cartservice,0.01330050666666658,195.53340099366858,1.644515561877105,2026-05-25 13:28:10+00:00,2,1,0.054012217124847925,0.0030090808026382314,0.0041114249945122475
1779715690,checkoutservice,currencyservice,0.009627284260882914,185.58852391817544,1.8889698837427522,2026-05-25 13:28:10+00:00,2,3,0.03909557589446035,0.0028560382097083795,0.0047225810286866884
1779715690,checkoutservice,emailservice,0.009024998888839494,165.19415651761636,0.8222577809385525,2026-05-25 13:28:10+00:00,2,4,0.03664974664139461,0.0025421874859184305,0.0020557124972561238
1779715690,checkoutservice,paymentservice,0.01945022666666664,119.50900870200806,0.8000355587163304,2026-05-25 13:28:10+00:00,2,6,0.07898570273870613,0.0018391347053753856,0.002000155102728484
1779715690,checkoutservice,productcatalogservice,0.004954418904643678,170.51735462905344,1.0222676583597554,2026-05-25 13:28:10+00:00,2,7,0.0201194703563975,0.002624106652487236,0.002555753742375285
1779715690,checkoutservice,shippingservice,0.008000000000000014,214.78393634989777,1.6889600063215495,2026-05-25 13:28:10+00:00,2,9,0.03248731404208063,0.0033053289939271122,0.004222539783567528
1779715690,frontend,adservice,0.00977307692307692,1200.672222222222,8.399999999999999,2026-05-25 13:28:10+00:00,5,0,0.0396876273946763,0.018477251026114253,0.02100069513144793
1779715690,frontend,cartservice,0.01752307692307689,1674.1666666666665,14.222222222222221,2026-05-25 13:28:10+00:00,5,1,0.07115971287294173,0.02576389891181112,0.03555673249768962
1779715690,frontend,checkoutservice,0.09863332266609774,202.62145770982113,0.8000355587163304,2026-05-25 13:28:10+00:00,5,2,0.4005414660584226,0.003118159534375098,0.002000155102728484
1779715690,frontend,currencyservice,0.00985241545893721,7631.722222222222,71.66666666666666,2026-05-25 13:28:10+00:00,5,3,0.04000981438594281,0.11744524829647936,0.1791725973516391
1779715690,frontend,productcatalogservice,0.0091242268041237,12176.855555555554,55.44444444444444,2026-05-25 13:28:10+00:00,5,7,0.03705270269709198,0.1873907071759436,0.1386156993464619
1779715690,frontend,recommendationservice,0.024553614457831326,1086.7055555555555,7.777777777777777,2026-05-25 13:28:10+00:00,5,8,0.09971012296996702,0.016723407912535716,0.01944508808467401
1779715690,frontend,shippingservice,0.007937499999999995,381.54999999999995,3.666666666666666,2026-05-25 13:28:10+00:00,5,9,0.03223350690112679,0.0058717066977410845,0.009166970097060604
1779715690,recommendationservice,productcatalogservice,0.009443181818181812,6080.944444444443,7.71111111111111,2026-05-25 13:28:10+00:00,8,7,0.03834795166046724,0.09358019190941129,0.01927841590109109
1779715705,checkoutservice,cartservice,0.009672727272727272,185.85555555555553,1.6444444444444444,2026-05-25 13:28:25+00:00,2,1,0.03928011606906105,0.0028601475831947208,0.004111247195045363
1779715705,checkoutservice,currencyservice,0.00945,191.41666666666663,1.9333333333333331,2026-05-25 13:28:25+00:00,2,3,0.03837563971220767,0.0029457280139586926,0.004833493323904683
1779715705,checkoutservice,emailservice,0.00496,136.5722222222222,0.7777777777777777,2026-05-25 13:28:25+00:00,2,4,0.020142134706089953,0.0021017220074632573,0.001944508808467401
1779715705,checkoutservice,paymentservice,0.00963,102.67777777777776,0.7777777777777777,2026-05-25 13:28:25+00:00,2,6,0.03910660427815448,0.0015801174039757526,0.001944508808467401
1779715705,checkoutservice,productcatalogservice,0.004955102040816326,202.9944444444444,1.222222222222222,2026-05-25 13:28:25+00:00,2,7,0.02012224451381929,0.003123899460224544,0.0030556566990202014
1779715705,checkoutservice,shippingservice,0.009239999999999998,210.95555555555552,1.5999999999999999,2026-05-25 13:28:25+00:00,2,9,0.03752284771860305,0.0032464137032662743,0.004000132405990082
1779715705,frontend,adservice,0.009760810810810809,1211.761111111111,8.266666666666666,2026-05-25 13:28:25+00:00,5,0,0.039637815764518226,0.01864789891802723,0.02066735076428209
1779715705,frontend,cartservice,0.015430000000000057,1686.8999999999999,13.999999999999998,2026-05-25 13:28:25+00:00,5,1,0.06265990695866312,0.025959853304729223,0.03500115855241322
1779715705,frontend,checkoutservice,0.0988,200.22222222222223,0.7999999999999999,2026-05-25 13:28:25+00:00,5,2,0.401218328419695,0.003081237487246301,0.002000066202995041
1779715705,frontend,currencyservice,0.009781769436997321,7745.749999999999,71.19999999999999,2026-05-25 13:28:25+00:00,5,3,0.0397229269483697,0.11920003185435199,0.17800589206655865
1779715705,frontend,productcatalogservice,0.008904000000000007,12190.833333333332,56.599999999999994,2026-05-25 13:28:25+00:00,5,7,0.0361583805288357,0.18760581243448723,0.14150468386189916
1779715705,frontend,recommendationservice,0.024479054054054053,1142.6499999999999,7.955555555555555,2026-05-25 13:28:25+00:00,5,8,0.09940733956338994,0.01758434191632512,0.01988954724089513
1779715705,frontend,shippingservice,0.005799999999999998,410.59999999999997,3.644444444444444,2026-05-25 13:28:25+00:00,5,9,0.023553302680508405,0.006318759717186448,0.009111412702532965
1779715705,recommendationservice,productcatalogservice,0.009092857142857139,6231.844444444444,7.91111111111111,2026-05-25 13:28:25+00:00,8,7,0.036925313192471915,0.09590240535637534,0.01977843245183985
1779715720,checkoutservice,cartservice,0.00957142857142857,150.89999999999998,1.2888888888888888,2026-05-25 13:28:40+00:00,2,1,0.038868750728917816,0.0023222134469640405,0.0032223288826031217
1779715720,checkoutservice,currencyservice,0.009037500000000002,180.52777777777774,1.5333333333333332,2026-05-25 13:28:40+00:00,2,3,0.036700512581912904,0.002778157939735531,0.003833460222407162
1779715720,checkoutservice,emailservice,0.020649999999999964,114.72777777777776,0.6888888888888889,2026-05-25 13:28:40+00:00,2,4,0.08385787937112033,0.0017655559197869964,0.001722279230356841
1779715720,checkoutservice,paymentservice,0.009670000000000002,104.64999999999999,0.711111111111111,2026-05-25 13:28:40+00:00,2,6,0.0392690408483649,0.0016104681061947439,0.0017778366248844808
1779715720,checkoutservice,productcatalogservice,0.004952941176470589,147.42222222222222,0.911111111111111,2026-05-25 13:28:40+00:00,2,7,0.020113469428994002,0.0022686936171356226,0.0022778531756332413
1779715720,checkoutservice,shippingservice,0.008999999999999989,162.6111111111111,1.2888888888888888,2026-05-25 13:28:40+00:00,2,9,0.0365482282973406,0.0025024367716897675,0.0032223288826031217
1779715720,frontend,adservice,0.009481481481481474,1217.0055555555555,8.533333333333331,2026-05-25 13:28:40+00:00,5,0,0.038503483309132495,0.018728606137449,0.021334039498613767
1779715720,frontend,cartservice,0.017430769230769236,1756.994444444444,14.711111111111109,2026-05-25 13:28:40+00:00,5,1,0.07078485924937941,0.02703854291007291,0.0367789951772977
1779715720,frontend,checkoutservice,0.09868181818181818,153.94444444444443,0.6666666666666666,2026-05-25 13:28:40+00:00,5,2,0.4007384021895279,0.002369064671797863,0.001666721835829201
1779715720,frontend,currencyservice,0.009677442528735624,7711.166666666666,73.93333333333332,2026-05-25 13:28:40+00:00,5,3,0.03929926431940257,0.1186678258788218,0.18483945159345838
1779715720,frontend,productcatalogservice,0.00873749999999998,12655.677777777777,60.888888888888886,2026-05-25 13:28:40+00:00,5,7,0.03548223830533479,0.19475934470509967,0.1522272610057337
1779715720,frontend,recommendationservice,0.024473076923076917,1199.3611111111109,8.266666666666666,2026-05-25 13:28:40+00:00,5,8,0.09938306694699933,0.01845707422125881,0.02066735076428209
1779715720,frontend,shippingservice,0.008219999999999983,442.2999999999999,4.044444444444444,2026-05-25 13:28:40+00:00,5,9,0.033380715178237715,0.006806593821021835,0.010111445804030486
1779715720,recommendationservice,productcatalogservice,0.008858333333333312,6585.177777777777,8.377777777777776,2026-05-25 13:28:40+00:00,8,7,0.03597293211117871,0.10133988327504528,0.02094513773692029
1779715735,checkoutservice,cartservice,0.020200000000000034,156.53888888888886,1.3777777777777778,2026-05-25 13:28:55+00:00,2,1,0.08203046795625357,0.0024089908068296063,0.003444558460713682
1779715735,checkoutservice,currencyservice,0.00875000000000001,167.14999999999998,1.7555555555555553,2026-05-25 13:28:55+00:00,2,3,0.03553299973352566,0.0025722861342613607,0.004389034167683562
1779715735,checkoutservice,emailservice,0.02034999999999997,123.22777777777776,0.6888888888888889,2026-05-25 13:28:55+00:00,2,4,0.08263960509454232,0.0018963631716040564,0.001722279230356841
1779715735,checkoutservice,paymentservice,0.009749999999999998,83.91666666666666,0.6666666666666666,2026-05-25 13:28:55+00:00,2,6,0.03959391398878569,0.0012914010056841113,0.001666721835829201
1779715735,checkoutservice,productcatalogservice,0.00774999999999999,166.7111111111111,1.111111111111111,2026-05-25 13:28:55+00:00,2,7,0.031472085478265514,0.002565532034330938,0.0027778697263820015
1779715735,checkoutservice,shippingservice,0.008966666666666661,162.79999999999995,1.3777777777777778,2026-05-25 13:28:55+00:00,2,9,0.03641286448883195,0.002505343599507924,0.003444558460713682
1779715735,frontend,adservice,0.009418181818181822,1225.8888888888887,8.488888888888887,2026-05-25 13:28:55+00:00,5,0,0.038246428804085776,0.018865312539838197,0.02122292470955849
1779715735,frontend,cartservice,0.015204999999999944,1798.461111111111,14.51111111111111,2026-05-25 13:28:55+00:00,5,1,0.061746201251229156,0.02767667711109418,0.03627897862654894
1779715735,frontend,checkoutservice,0.22749999999999979,164.27777777777774,0.6666666666666666,2026-05-25 13:28:55+00:00,5,2,0.9238579930716654,0.0025280852524382103,0.001666721835829201
1779715735,frontend,currencyservice,0.009601851851851837,8212.588888888888,78.02222222222221,2026-05-25 13:28:55+00:00,5,3,0.03899229706208044,0.12638425680692675,0.19506201218654415
1779715735,frontend,productcatalogservice,0.008599382716049373,12878.944444444443,59.19999999999999,2026-05-25 13:28:55+00:00,5,7,0.03492135585804197,0.19819521518616112,0.14800489902163302
1779715735,frontend,recommendationservice,0.024235,1154.8944444444444,7.688888888888888,2026-05-25 13:28:55+00:00,5,8,0.09841625697622783,0.01777277275489035,0.01922285850656345
1779715735,frontend,shippingservice,0.008874999999999997,461.4388888888888,3.9111111111111105,2026-05-25 13:28:55+00:00,5,9,0.03604061401543312,0.007101123874949791,0.009778101436864644
1779715735,recommendationservice,productcatalogservice,0.007972222222222217,6420.644444444443,7.933333333333333,2026-05-25 13:28:55+00:00,8,7,0.032374510868323325,0.09880786525555897,0.01983398984636749
1779715750,checkoutservice,cartservice,0.02185000000000001,104.19999999999999,0.8888888888888888,2026-05-25 13:29:10+00:00,2,1,0.0887309764774326,0.0016035430163926642,0.002222295781105601
1779715750,checkoutservice,currencyservice,0.008074999999999997,188.9333333333333,1.6222222222222222,2026-05-25 13:29:10+00:00,2,3,0.032791882611225065,0.0029075117776435123,0.004055689800517723
1779715750,checkoutservice,emailservice,0.02140000000000001,105.47777777777776,0.4888888888888888,2026-05-25 13:29:10+00:00,2,4,0.08690356506256557,0.0016232068516331371,0.0012222626796080805
1779715750,checkoutservice,paymentservice,0.009566666666666666,78.96666666666667,0.5555555555555556,2026-05-25 13:29:10+00:00,2,6,0.03884941304198801,0.0012152250178612354,0.001388934863191001
1779715750,checkoutservice,productcatalogservice,0.007750000000000002,165.95,0.9999999999999999,2026-05-25 13:29:10+00:00,2,7,0.031472085478265556,0.002553819228122482,0.002500082753743801
1779715750,checkoutservice,shippingservice,0.00496,103.69999999999999,0.8888888888888888,2026-05-25 13:29:10+00:00,2,9,0.020142134706089953,0.0015958484721681312,0.002222295781105601
1779715750,frontend,adservice,0.009441428571428568,1252.322222222222,8.888888888888888,2026-05-25 13:29:10+00:00,5,0,0.038340831875734,0.01927209744450851,0.022222957811056012
1779715750,frontend,cartservice,0.012475000000000012,1856.422222222222,15.111111111111109,2026-05-25 13:29:10+00:00,5,1,0.05065990533436944,0.028568645776589203,0.037779028278795215
1779715750,frontend,checkoutservice,0.2349999999999999,111.83333333333333,0.4444444444444444,2026-05-25 13:29:10+00:00,5,2,0.9543148499861164,0.0017210130582205336,0.0011111478905528006
1779715750,frontend,currencyservice,0.009580769230769223,8491.511111111111,81.77777777777777,2026-05-25 13:29:10+00:00,5,3,0.0389066823455878,0.13067661555511453,0.2044512118617153
1779715750,frontend,productcatalogservice,0.008579166666666655,12808.055555555555,58.06666666666666,2026-05-25 13:29:10+00:00,5,7,0.03483926021491865,0.197104299804994,0.1451714719007234
1779715750,frontend,recommendationservice,0.024189516129032255,1084.5888888888887,7.377777777777776,2026-05-25 13:29:10+00:00,5,8,0.0982315508762305,0.016690834341985192,0.018445054983176487
1779715750,frontend,shippingservice,0.009105,444.0722222222222,3.9333333333333327,2026-05-25 13:29:10+00:00,5,9,0.03697462429414295,0.006833866705551014,0.009833658831392285
1779715750,recommendationservice,productcatalogservice,0.008295000000000002,5999.772222222222,7.399999999999999,2026-05-25 13:29:10+00:00,8,7,0.0336852837473823,0.0923310254020263,0.018500612377704128
1779715765,checkoutservice,cartservice,0.021550000000000034,119.08888888888889,1.0222222222222221,2026-05-25 13:29:25+00:00,2,1,0.08751270220085468,0.0018326694444120895,0.002555640148271441
1779715765,checkoutservice,currencyservice,0.00827499999999999,155.3611111111111,1.5555555555555554,2026-05-25 13:29:25+00:00,2,3,0.03360406546227705,0.0023908658804340397,0.003889017616934802
1779715765,checkoutservice,emailservice,0.009725,93.48888888888888,0.4444444444444444,2026-05-25 13:29:25+00:00,2,4,0.039492391132404187,0.001438708780116003,0.0011111478905528006
1779715765,checkoutservice,paymentservice,0.00945,64.52777777777777,0.4666666666666666,2026-05-25 13:29:25+00:00,2,6,0.03837563971220767,0.0009930236796438896,0.0011667052850804407
1779715765,checkoutservice,productcatalogservice,0.007600079994666996,175.59248198268264,1.1110755579257678,2026-05-25 13:29:25+00:00,2,7,0.03086327319146009,0.002702208236222509,0.0027777808404764845
1779715765,checkoutservice,shippingservice,0.004959111111111111,130.54444444444442,1.0222222222222221,2026-05-25 13:29:25+00:00,2,9,0.02013852500452972,0.002008960002089722,0.002555640148271441
1779715765,frontend,adservice,0.009423529411764702,1271.311111111111,8.666666666666666,2026-05-25 13:29:25+00:00,5,0,0.03826814492309783,0.019564319135169102,0.021667383865779613
1779715765,frontend,cartservice,0.009981714285714285,1911.5555555555554,14.555555555555554,2026-05-25 13:29:25+00:00,5,1,0.04053488583479024,0.029417097519747703,0.036390093415604216
1779715765,frontend,checkoutservice,0.23275000000000015,125.49999999999999,0.4888888888888888,2026-05-25 13:29:25+00:00,5,2,0.9451777929117822,0.0019313306003577672,0.0012222626796080805
1779715765,frontend,currencyservice,0.00949310344827587,8667.172222222222,80.5111111111111,2026-05-25 13:29:25+00:00,5,3,0.038550679119762024,0.13337987993106462,0.20128444037363982
1779715765,frontend,productcatalogservice,0.008150054673244022,12754.281319393522,56.687017902510206,2026-05-25 13:29:25+00:00,5,7,0.033096673203725606,0.19627676332841554,0.1417222358192319
1779715765,frontend,recommendationservice,0.02924999999999988,1061.4944444444443,7.466666666666666,2026-05-25 13:29:25+00:00,5,8,0.1187817419663566,0.016335431893747598,0.01866728456128705
1779715765,frontend,shippingservice,0.008575000000000011,438.93888888888887,3.7777777777777772,2026-05-25 13:29:25+00:00,5,9,0.03482233973885516,0.00675486938484581,0.009444757069698804
1779715765,recommendationservice,productcatalogservice,0.008855047363824841,5794.606358094645,7.377536312393989,2026-05-25 13:29:25+00:00,8,7,0.03595958807075941,0.08917370977223799,0.018444451299734856
1779715780,checkoutservice,cartservice,0.009712500000000002,122.46666666666665,1.0222222222222221,2026-05-25 13:29:40+00:00,2,1,0.03944162970421345,0.0018846503653956008,0.002555640148271441
1779715780,checkoutservice,currencyservice,0.008683333333333336,156.41666666666666,1.6888888888888887,2026-05-25 13:29:40+00:00,2,3,0.0352622721165083,0.002407109918241387,0.004222361984100642
1779715780,checkoutservice,emailservice,0.008800000000000002,105.5611111111111,0.4666666666666666,2026-05-25 13:29:40+00:00,2,4,0.03573604544628864,0.0016244892756705593,0.0011667052850804407
1779715780,checkoutservice,paymentservice,0.004960000000000001,70.21666666666665,0.4888888888888888,2026-05-25 13:29:40+00:00,2,6,0.020142134706089956,0.0010805704939319087,0.0012222626796080805
1779715780,checkoutservice,productcatalogservice,0.00495265306122449,202.6555555555555,1.1777777777777776,2026-05-25 13:29:40+00:00,2,7,0.020112299417683964,0.003118684269139027,0.0029445419099649213
1779715780,checkoutservice,shippingservice,0.0049591489361702126,149.79444444444442,1.0222222222222221,2026-05-25 13:29:40+00:00,2,9,0.020138678608851435,0.0023051999547342395,0.002555640148271441
1779715780,frontend,adservice,0.00931071428571428,1243.5166666666664,8.555555555555554,2026-05-25 13:29:40+00:00,5,0,0.03781001236951071,0.0191365879712209,0.02138959689314141
1779715780,frontend,cartservice,0.013325000000000012,1913.561111111111,14.799999999999997,2026-05-25 13:29:40+00:00,5,1,0.0541116824513405,0.02944796119158166,0.037001224755408256
1779715780,frontend,checkoutservice,0.09914285714285714,136.72222222222223,0.4888888888888888,2026-05-25 13:29:40+00:00,5,2,0.4026106418786414,0.002104030370730618,0.0012222626796080805
1779715780,frontend,currencyservice,0.009588873626373624,8436.305555555555,80.44444444444443,2026-05-25 13:29:40+00:00,5,3,0.038939593601227986,0.12982705237779027,0.2011177681900569
1779715780,frontend,productcatalogservice,0.007801666666666657,12786.733333333334,59.444444444444436,2026-05-25 13:29:40+00:00,5,7,0.03168189938145395,0.1967761702412856,0.14861603036143708
1779715780,frontend,recommendationservice,0.02849999999999996,1114.4499999999998,7.71111111111111,2026-05-25 13:29:40+00:00,5,8,0.11573605627491186,0.017150369622061463,0.01927841590109109
1779715780,frontend,shippingservice,0.008707142857142856,450.061111111111,4.133333333333333,2026-05-25 13:29:40+00:00,5,9,0.03535896055115733,0.006926030246373753,0.010333675382141045
1779715780,recommendationservice,productcatalogservice,0.008936363636363623,5877.8388888888885,7.622222222222222,2026-05-25 13:29:40+00:00,8,7,0.03628980648109676,0.0904545825504702,0.01905618632298053
1779715795,checkoutservice,cartservice,0.0096875,142.89444444444445,1.111111111111111,2026-05-25 13:29:55+00:00,2,1,0.039340106847831936,0.0021990152444356856,0.0027778697263820015
1779715795,checkoutservice,currencyservice,0.009140015199189378,191.7354457850958,2.0221570413824264,2026-05-25 13:29:55+00:00,2,3,0.03711681801568187,0.002950633734007914,0.005055559944521795
1779715795,checkoutservice,emailservice,0.009400000000000002,116.47777777777776,0.5777777777777777,2026-05-25 13:29:55+00:00,2,4,0.03817259399944468,0.0017924868245728616,0.0014444922577186408
1779715795,checkoutservice,paymentservice,0.008800000000000002,78.73333333333332,0.5333333333333332,2026-05-25 13:29:55+00:00,2,6,0.03573604544628864,0.0012116342305564531,0.0013333774686633605
1779715795,checkoutservice,productcatalogservice,0.006550116658889417,254.8111748105682,1.533281484938041,2026-05-25 13:29:55+00:00,2,7,0.0265994621137005,0.0039213117069702205,0.003833330597128283
1779715795,checkoutservice,shippingservice,0.0075,166.48333333333332,1.111111111111111,2026-05-25 13:29:55+00:00,2,9,0.030456856914450534,0.002562026741961984,0.0027778697263820015
1779715795,frontend,adservice,0.009237500000000001,1177.4944444444443,8.044444444444444,2026-05-25 13:29:55+00:00,5,0,0.03751269543296491,0.018120566153839238,0.02011177681900569
1779715795,frontend,cartservice,0.016450000000000013,1922.544444444444,14.377777777777776,2026-05-25 13:29:55+00:00,5,1,0.06680203949902823,0.029586206502815765,0.0359456342593831
1779715795,frontend,checkoutservice,0.09925,127.55555555555554,0.5777777777777777,2026-05-25 13:29:55+00:00,5,2,0.4030457398345621,0.0019629637266141806,0.0014444922577186408
1779715795,frontend,currencyservice,0.009686330954245903,8550.885707249148,80.06394092245702,2026-05-25 13:29:55+00:00,5,3,0.03933535945326407,0.13159033646671037,0.2001664778969974
1779715795,frontend,productcatalogservice,0.008095447315145068,12866.253145716211,59.10913642794184,2026-05-25 13:29:55+00:00,5,7,0.03287491740477948,0.19799990766749884,0.1477777325721869
1779715795,frontend,recommendationservice,0.02887500000000034,1093.2777777777776,7.577777777777777,2026-05-25 13:29:55+00:00,5,8,0.11725889912063595,0.016824548421620407,0.01894507153392525
1779715795,frontend,shippingservice,0.00897777777777779,474.6722222222221,4.133333333333333,2026-05-25 13:29:55+00:00,5,9,0.03645798575833491,0.007304772812092429,0.010333675382141045
1779715795,recommendationservice,productcatalogservice,0.009153608109974141,5934.254817826961,7.57752594271493,2026-05-25 13:29:55+00:00,8,7,0.03717201766085819,0.09132277227083441,0.018944441925427838
1779715810,checkoutservice,cartservice,0.00916666666666667,142.23888888888888,1.111111111111111,2026-05-25 13:30:10+00:00,2,1,0.037225047339884,0.0021889268420079645,0.0027778697263820015
1779715810,checkoutservice,currencyservice,0.00918333333333333,225.06111111111107,2.1999999999999997,2026-05-25 13:30:10+00:00,2,3,0.037292729244138303,0.0034634853453339312,0.005500182058236363
1779715810,checkoutservice,emailservice,0.00865013997200561,130.42204336910396,0.5777155679975116,2026-05-25 13:30:10+00:00,2,4,0.03512747672231254,0.0020070763611150463,0.0014443367281198832
1779715810,checkoutservice,paymentservice,0.009375000000000001,81.02222222222221,0.5555555555555555,2026-05-25 13:30:10+00:00,2,6,0.03807107114306317,0.0012468581441176484,0.0013889348631910008
1779715810,checkoutservice,productcatalogservice,0.0063502333022263805,265.7334622050393,1.5554518656771688,2026-05-25 13:30:10+00:00,2,7,0.025787752941238345,0.004089395753749854,0.00388875838365811
1779715810,checkoutservice,shippingservice,0.007500000000000025,156.42777777777775,1.111111111111111,2026-05-25 13:30:10+00:00,2,9,0.030456856914450634,0.0024072809081130435,0.0027778697263820015
1779715810,frontend,adservice,0.009300000000000003,1123.4888888888888,7.822222222222221,2026-05-25 13:30:10+00:00,5,0,0.03776650257391867,0.017289469882653855,0.01955620287372929
1779715810,frontend,cartservice,0.016809999999999912,1869.0277777777776,14.599999999999998,2026-05-25 13:30:10+00:00,5,1,0.06826396863092143,0.02876263378598326,0.0365012082046595
1779715810,frontend,checkoutservice,0.0991875,147.94444444444443,0.5333333333333332,2026-05-25 13:30:10+00:00,5,2,0.4027919326936083,0.002276730141103468,0.0013333774686633605
1779715810,frontend,currencyservice,0.009738000000000004,8344.005555555554,78.39999999999999,2026-05-25 13:30:10+00:00,5,3,0.039545183017722585,0.12840663951394146,0.19600648789351402
1779715810,frontend,productcatalogservice,0.008500745974013551,12644.749032721562,59.26268793790457,2026-05-25 13:30:10+00:00,5,7,0.03452080050621629,0.1945911612807923,0.14816162405405603
1779715810,frontend,recommendationservice,0.024229230769230763,1091.7388888888888,7.31111111111111,2026-05-25 13:30:10+00:00,5,8,0.09839282862475515,0.01680086632439601,0.018278382799593568
1779715810,frontend,shippingservice,0.008955555555555552,488.7388888888888,4.222222222222221,2026-05-25 13:30:10+00:00,5,9,0.03636774321932907,0.00752124598960929,0.010555904960251605
1779715810,recommendationservice,productcatalogservice,0.008771510941398287,6060.287235035328,7.42171266053415,2026-05-25 13:30:10+00:00,8,7,0.03562035382209399,0.09326229628670354,0.018554895825843454
1779715825,checkoutservice,cartservice,0.009399999999999999,100.26111111111109,0.7999999999999999,2026-05-25 13:30:25+00:00,2,1,0.038172593999444664,0.00154292710689051,0.002000066202995041
1779715825,checkoutservice,currencyservice,0.009012500000000003,217.57777777777775,1.511111111111111,2026-05-25 13:30:25+00:00,2,3,0.036598989725531404,0.0033483236667734215,0.0037779028278795224
1779715825,checkoutservice,emailservice,0.009049999999999996,95.73888888888887,0.42222222222222217,2026-05-25 13:30:25+00:00,2,4,0.03675127401010363,0.001473334229126401,0.0010555904960251605
1779715825,checkoutservice,paymentservice,0.009633333333333332,76.66666666666666,0.46666666666666656,2026-05-25 13:30:25+00:00,2,6,0.03912014065900535,0.0011798301144283836,0.0011667052850804405
1779715825,checkoutservice,productcatalogservice,0.007549999999999978,186.23888888888888,1.0888888888888888,2026-05-25 13:30:25+00:00,2,7,0.030659902627213447,0.002866046733766863,0.0027223123318543614
1779715825,checkoutservice,shippingservice,0.008099999999999987,107.53333333333332,0.7999999999999999,2026-05-25 13:30:25+00:00,2,9,0.032893405467606524,0.0016548399778895503,0.002000066202995041
1779715825,frontend,adservice,0.009408695652173915,1201.3999999999999,8.355555555555554,2026-05-25 13:30:25+00:00,5,0,0.038207906297316505,0.018488450862707742,0.02088958034239265
1779715825,frontend,cartservice,0.015234999999999901,1912.7055555555553,14.73333333333333,2026-05-25 13:30:25+00:00,5,1,0.061868028678886786,0.029434794971464125,0.03683455257182534
1779715825,frontend,checkoutservice,0.0991,107.83333333333331,0.39999999999999997,2026-05-25 13:30:25+00:00,5,2,0.402436602696273,0.00165945670442427,0.0010000331014975205
1779715825,frontend,currencyservice,0.009693965517241374,8330.888888888887,80.15555555555555,2026-05-25 13:30:25+00:00,5,3,0.039366362758965066,0.1282047859704512,0.2003955220611976
1779715825,frontend,productcatalogservice,0.008579870129870116,12602.416666666664,57.04444444444444,2026-05-25 13:30:25+00:00,5,7,0.03484211691866963,0.19393970475531525,0.14261583175245196
1779715825,frontend,recommendationservice,0.024167241379310346,1057.4833333333333,7.111111111111111,2026-05-25 13:30:25+00:00,5,8,0.09814109502755244,0.01627370455007968,0.01777836624884481
1779715825,frontend,shippingservice,0.008583333333333328,461.74999999999994,3.755555555555555,2026-05-25 13:30:25+00:00,5,9,0.03485618069098226,0.0071059115913561675,0.009389199675171165
1779715825,recommendationservice,productcatalogservice,0.008499999999999997,5802.144444444443,7.155555555555555,2026-05-25 13:30:25+00:00,8,7,0.034517771169710595,0.08928971404981173,0.01788948103790009
1779715840,checkoutservice,cartservice,0.009475,112.42222222222222,0.9777777777777776,2026-05-25 13:30:40+00:00,2,1,0.03847716256858918,0.001730075521418317,0.002444525359216161
1779715840,checkoutservice,currencyservice,0.008999991110716036,129.63920261350756,1.4444918550125565,2026-05-25 13:30:40+00:00,2,3,0.03654819219872067,0.00199502915548564,0.0036113491746402842
1779715840,checkoutservice,emailservice,0.00496,90.56666666666665,0.4666666666666666,2026-05-25 13:30:40+00:00,2,4,0.020142134706089953,0.0013937384438703993,0.0011667052850804407
1779715840,checkoutservice,paymentservice,0.009666666666666664,60.68333333333332,0.4666666666666666,2026-05-25 13:30:40+00:00,2,6,0.03925550446751401,0.0009338611840508141,0.0011667052850804407
1779715840,checkoutservice,productcatalogservice,0.004954594390058002,149.7117522649658,0.9555866687408789,2026-05-25 13:30:40+00:00,2,7,0.02012018298761812,0.0023039273974701973,0.0023890457502265625
1779715840,checkoutservice,shippingservice,0.004959069767441861,117.22777777777776,0.9777777777777776,2026-05-25 13:30:40+00:00,2,9,0.0201383571114339,0.0018040286409096611,0.002444525359216161
1779715840,frontend,adservice,0.009494444444444448,1196.322222222222,8.288888888888888,2026-05-25 13:30:40+00:00,5,0,0.03855612479021925,0.018410308491360817,0.02072290815880973
1779715840,frontend,cartservice,0.010878571428571364,1945.422222222222,14.644444444444442,2026-05-25 13:30:40+00:00,5,1,0.04417694579115037,0.029938274648556064,0.03661232299371478
1779715840,frontend,checkoutservice,0.098625,126.61111111111109,0.4888888888888888,2026-05-25 13:30:40+00:00,5,2,0.40050766842502455,0.0019484295875233958,0.0012222626796080805
1779715840,frontend,currencyservice,0.009633185507321704,8569.067695253758,79.58038091428318,2026-05-25 13:30:40+00:00,5,3,0.03911954035024743,0.13187014068829314,0.19895753786016177
1779715840,frontend,productcatalogservice,0.008270391853218949,12810.614312065249,59.7353319850953,2026-05-25 13:30:40+00:00,5,7,0.03358535217332359,0.1971436767352413,0.14934327328509725
1779715840,frontend,recommendationservice,0.024029245283018866,1114.0555555555554,7.51111111111111,2026-05-25 13:30:40+00:00,5,8,0.09758070471295215,0.017144299481617664,0.01877839935034233
1779715840,frontend,shippingservice,0.008735714285714277,475.58888888888885,3.9777777777777774,2026-05-25 13:30:40+00:00,5,9,0.03547498667273616,0.0073188794765040735,0.009944773620447565
1779715840,recommendationservice,productcatalogservice,0.006549885992399515,6077.245858612797,7.5780326095813795,2026-05-25 13:30:40+00:00,8,7,0.02659852539686345,0.09352327404491162,0.01894570863452254
1779715855,checkoutservice,cartservice,0.009712500000000002,124.87777777777777,0.9777777777777776,2026-05-25 13:30:55+00:00,2,1,0.03944162970421345,0.0019217551675450152,0.002444525359216161
1779715855,checkoutservice,currencyservice,0.009289999999999996,149.04999999999998,1.4666666666666663,2026-05-25 13:30:55+00:00,2,3,0.037725893431366044,0.0022937436333332686,0.0036667880388242414
1779715855,checkoutservice,emailservice,0.00496,81.66427952257118,0.4889377875575115,2026-05-25 13:30:55+00:00,2,4,0.020142134706089953,0.001256738820702087,0.0012223849303261852
1779715855,checkoutservice,paymentservice,0.009725,57.18333333333332,0.4888888888888888,2026-05-25 13:30:55+00:00,2,6,0.039492391132404187,0.0008799993744790835,0.0012222626796080805
1779715855,checkoutservice,productcatalogservice,0.004955744300554518,200.12534875795492,1.2667703865045672,2026-05-25 13:30:55+00:00,2,7,0.02012485267554569,0.003079746692936324,0.003167030796253438
1779715855,checkoutservice,shippingservice,0.0049591489538751915,143.04555575307765,0.9777560503483795,2026-05-25 13:30:55+00:00,2,9,0.020138678680749835,0.002201340709729896,0.00244447103884464
1779715855,frontend,adservice,0.00949827586206896,1239.3277777777776,8.666666666666666,2026-05-25 13:30:55+00:00,5,0,0.038571683848668485,0.019072124789606477,0.021667383865779613
1779715855,frontend,cartservice,0.010921428571428445,1959.7444444444443,14.533333333333331,2026-05-25 13:30:55+00:00,5,1,0.04435098497351841,0.03015868059312102,0.03633453602107658
1779715855,frontend,checkoutservice,0.09908333333333334,131.38888888888889,0.4888888888888888,2026-05-25 13:30:55+00:00,5,2,0.40236892079201875,0.0020219552323355997,0.0012222626796080805
1779715855,frontend,currencyservice,0.009634999999999993,8652.766666666666,80.06666666666666,2026-05-25 13:30:55+00:00,5,3,0.03912690884943076,0.13315819156246225,0.20017329248308705
1779715855,frontend,productcatalogservice,0.008611127513258246,12954.75837068482,60.51582690640765,2026-05-25 13:30:55+00:00,5,7,0.03496905047245262,0.19936192240274522,0.1512945751772549
1779715855,frontend,recommendationservice,0.024334375000000002,1157.6555555555556,7.955555555555555,2026-05-25 13:30:55+00:00,5,8,0.0988198103303443,0.01781526373799694,0.01988954724089513
1779715855,frontend,shippingservice,0.009204563029521924,470.4634877956041,3.844358522337279,2026-05-25 13:30:55+00:00,5,9,0.037378941220025406,0.007240004225742576,0.009611214440903437
1779715855,recommendationservice,productcatalogservice,0.006509730847020641,6146.745981720613,7.911719600826794,2026-05-25 13:30:55+00:00,8,7,0.02643545879457234,0.09459281758663877,0.019779953726483862
1779715870,checkoutservice,cartservice,0.00973,144.87777777777777,1.1999999999999997,2026-05-25 13:31:10+00:00,2,1,0.039512695703680496,0.0022295369365263325,0.0030000993044925614
1779715870,checkoutservice,currencyservice,0.009129999999999996,173.30555555555554,2.0888888888888886,2026-05-25 13:31:10+00:00,2,3,0.03707614715052443,0.0026670145231589442,0.005222395085598163
1779715870,checkoutservice,emailservice,0.00496,112.02777777777777,0.5555555555555555,2026-05-25 13:31:10+00:00,2,4,0.020142134706089953,0.0017240053809745187,0.0013889348631910008
1779715870,checkoutservice,paymentservice,0.009760000000000001,70.76666666666665,0.5333333333333332,2026-05-25 13:31:10+00:00,2,6,0.0396345231313383,0.001089034492578895,0.0013333774686633605
1779715870,checkoutservice,productcatalogservice,0.004956418038756821,280.77660452266144,1.6221674110614848,2026-05-25 13:31:10+00:00,2,7,0.02012758866861574,0.0043208960014276265,0.0040555527680800505
1779715870,checkoutservice,shippingservice,0.00496,146.9944444444444,1.1555555555555554,2026-05-25 13:31:10+00:00,2,9,0.020142134706089953,0.0022621105070768552,0.0028889845154372817
1779715870,frontend,adservice,0.009473611111111115,1204.1,8.355555555555554,2026-05-25 13:31:10+00:00,5,0,0.03847152240990133,0.01853000140152022,0.02088958034239265
1779715870,frontend,cartservice,0.013883333333333341,1968.8277777777776,14.599999999999998,2026-05-25 13:31:10+00:00,5,1,0.05637902624386069,0.030298464813200032,0.0365012082046595
1779715870,frontend,checkoutservice,0.0991875,146.05555555555554,0.5777777777777777,2026-05-25 13:31:10+00:00,5,2,0.4027919326936083,0.002247661862921899,0.0014444922577186408
1779715870,frontend,currencyservice,0.009714925373134332,8473.938888888888,78.24444444444444,2026-05-25 13:31:10+00:00,5,3,0.039451478936548975,0.13040619507309012,0.19561758613182056
1779715870,frontend,productcatalogservice,0.009141387923851049,13081.232775592738,61.77574976483049,2026-05-25 13:31:10+00:00,5,7,0.037122392532828986,0.20130824820641616,0.15444448658664542
1779715870,frontend,recommendationservice,0.024423684210526313,1160.911111111111,8.222222222222221,2026-05-25 13:31:10+00:00,5,8,0.09918248737649663,0.01786536377039223,0.02055623597522681
1779715870,frontend,shippingservice,0.009321428571428566,491.0222222222221,4.222222222222221,2026-05-25 13:31:10+00:00,5,9,0.037853522165102786,0.007556384408234656,0.010555904960251605
1779715870,recommendationservice,productcatalogservice,0.007428657613301969,6348.224944633321,8.088622239998815,2026-05-25 13:31:10+00:00,8,7,0.030167141599304222,0.0976933951675285,0.020222224963769592
1779715885,checkoutservice,cartservice,0.009762499999999999,108.38888888888887,0.7555555555555555,2026-05-25 13:31:25+00:00,2,1,0.03964467541697644,0.0016680061980070843,0.0018889514139397612
1779715885,checkoutservice,currencyservice,0.008925000000000004,203.81666666666666,1.6888888888888887,2026-05-25 13:31:25+00:00,2,3,0.036243659728196154,0.00313655271072711,0.004222361984100642
1779715885,checkoutservice,emailservice,0.00496,93.64035323571021,0.3999851861727737,2026-05-25 13:31:25+00:00,2,4,0.020142134706089953,0.0014410396783461163,0.0009999960657035552
1779715885,checkoutservice,paymentservice,0.009712500000000002,70.8611111111111,0.44444444444444436,2026-05-25 13:31:25+00:00,2,6,0.03944162970421345,0.0010904879064879735,0.0011111478905528006
1779715885,checkoutservice,productcatalogservice,0.004957735849056604,212.97777777777776,1.222222222222222,2026-05-25 13:31:25+00:00,2,7,0.020132940183247856,0.003277533859907719,0.0030556566990202014
1779715885,checkoutservice,shippingservice,0.00496,113.7222222222222,0.7555555555555555,2026-05-25 13:31:25+00:00,2,9,0.020142134706089953,0.0017500813364021023,0.0018889514139397612
1779715885,frontend,adservice,0.00934833333333333,1249.2333333333331,8.622222222222222,2026-05-25 13:31:25+00:00,5,0,0.03796278009625622,0.01922456226018806,0.02155626907672433
1779715885,frontend,cartservice,0.015039999999999942,1961.933333333333,14.644444444444442,2026-05-25 13:31:25+00:00,5,1,0.06107615039911124,0.030192365597837306,0.03661232299371478
1779715885,frontend,checkoutservice,0.09935714285714287,105.7222222222222,0.3555555555555555,2026-05-25 13:31:25+00:00,5,2,0.4034808377904828,0.0016269686288095753,0.0008889183124422404
1779715885,frontend,currencyservice,0.009677207637231504,8294.86111111111,77.88888888888889,2026-05-25 13:31:25+00:00,5,3,0.03929831044514505,0.1276503513116057,0.1947286678193783
1779715885,frontend,productcatalogservice,0.009068269230769227,12945.944444444442,59.99999999999999,2026-05-25 13:31:25+00:00,5,7,0.03682546378976703,0.1992262841122485,0.15000496522462808
1779715885,frontend,recommendationservice,0.02443631578947368,1163.6944444444443,7.822222222222221,2026-05-25 13:31:25+00:00,5,8,0.09923378313551043,0.01790819673324213,0.01955620287372929
1779715885,frontend,shippingservice,0.009114999999999998,471.8444444444444,3.8,2026-05-25 13:31:25+00:00,5,9,0.03701523343669554,0.007261255889755905,0.009500314464226445
1779715885,recommendationservice,productcatalogservice,0.008803333333333328,6321.005555555555,7.933333333333333,2026-05-25 13:31:25+00:00,8,7,0.03574958182713947,0.09727451358148122,0.01983398984636749
1779715900,checkoutservice,cartservice,0.0097,108.82777777777777,0.9333333333333332,2026-05-25 13:31:40+00:00,2,1,0.03939086827602269,0.001674760297937508,0.0023334105701608814
1779715900,checkoutservice,currencyservice,0.008150000000000008,161.69444444444443,1.911111111111111,2026-05-25 13:31:40+00:00,2,3,0.033096451180369614,0.002488330107278124,0.004777935929377043
1779715900,checkoutservice,emailservice,0.008900000000000002,100.65555555555554,0.4888888888888888,2026-05-25 13:31:40+00:00,2,4,0.03614213687181464,0.0015489972473343083,0.0012222626796080805
1779715900,checkoutservice,paymentservice,0.009683333333333332,56.755555555555546,0.4444444444444444,2026-05-25 13:31:40+00:00,2,6,0.03932318637176835,0.0008734162644203165,0.0011111478905528006
1779715900,checkoutservice,productcatalogservice,0.004954999884917987,239.46833859282634,1.2889175321372308,2026-05-25 13:31:40+00:00,2,7,0.020121829667475465,0.00368519944335586,0.003222400493094313
1779715900,checkoutservice,shippingservice,0.01899986666074054,112.26989594599266,0.9333530872977069,2026-05-25 13:31:40+00:00,2,9,0.07715682937064182,0.0017277313588803034,0.00233345995670653
1779715900,frontend,adservice,0.009506666666666672,1272.3888888888887,8.91111111111111,2026-05-25 13:31:40+00:00,5,0,0.03860575818667243,0.01958090515271976,0.02227851520558365
1779715900,frontend,cartservice,0.017024999999999985,1873.4666666666665,14.31111111111111,2026-05-25 13:31:40+00:00,5,1,0.06913706519580265,0.028830944239709947,0.03577896207580018
1779715900,frontend,checkoutservice,0.09916666666666665,105.2222222222222,0.4888888888888888,2026-05-25 13:31:40+00:00,5,2,0.4027073303132903,0.0016192740845850423,0.0012222626796080805
1779715900,frontend,currencyservice,0.00964862842892768,8247.305555555555,79.26666666666665,2026-05-25 13:31:40+00:00,5,3,0.03918225273074,0.1269185146609168,0.19817322628009196
1779715900,frontend,productcatalogservice,0.009075516978499574,12353.107891214917,55.823456844995576,2026-05-25 13:31:40+00:00,5,7,0.036854896271843726,0.19010306995876,0.1395632617125348
1779715900,frontend,recommendationservice,0.024304347826086953,1029.4444444444443,7.133333333333333,2026-05-25 13:31:40+00:00,5,8,0.09869787255175563,0.015842211608955038,0.01783392364337245
1779715900,frontend,shippingservice,0.009322712322567867,387.00060916287634,3.377851855144179,2026-05-25 13:31:40+00:00,5,9,0.037858735368404575,0.005955586604249878,0.008444909167747467
1779715900,recommendationservice,productcatalogservice,0.008518154268859336,5737.303573986003,7.133494328142978,2026-05-25 13:31:40+00:00,8,7,0.03459149409891531,0.08829187215921237,0.017834326143719485
1779715915,checkoutservice,cartservice,0.009399999999999999,105.02222222222221,0.8888888888888887,2026-05-25 13:31:55+00:00,2,1,0.038172593999444664,0.0016161962668952293,0.002222295781105601
1779715915,checkoutservice,currencyservice,0.008249999999999995,172.75555555555553,1.733333333333333,2026-05-25 13:31:55+00:00,2,3,0.033502542605895566,0.0026585505245119577,0.004333476773155921
1779715915,checkoutservice,emailservice,0.009049999999999997,88.08333333333331,0.5333333333333332,2026-05-25 13:31:55+00:00,2,4,0.036751274010103634,0.001355522207555219,0.0013333774686633605
1779715915,checkoutservice,paymentservice,0.009099999999999999,55.48333333333333,0.5111111111111111,2026-05-25 13:31:55+00:00,2,6,0.03695431972286664,0.0008538379241156715,0.0012778200741357206
1779715915,checkoutservice,productcatalogservice,0.004949743204017929,184.64171166966688,1.1555955582224,2026-05-25 13:31:55+00:00,2,7,0.020100482737073065,0.0028414676322714226,0.0028890845254147634
1779715915,checkoutservice,shippingservice,0.019600000000000003,113.28888888888886,0.8888888888888887,2026-05-25 13:31:55+00:00,2,9,0.0795939194030974,0.001743412731407507,0.002222295781105601
1779715915,frontend,adservice,0.00944259259259261,1283.5055555555555,8.955555555555556,2026-05-25 13:31:55+00:00,5,0,0.03834555886587249,0.019751980519311877,0.022389629994638935
1779715915,frontend,cartservice,0.01835714285714286,1797.8888888888887,13.933333333333332,2026-05-25 13:31:55+00:00,5,1,0.07454678311441704,0.02766787113270388,0.0348344863688303
1779715915,frontend,checkoutservice,0.09858333333333334,97.38888888888889,0.5333333333333332,2026-05-25 13:31:55+00:00,5,2,0.40033846366438874,0.00149872622506736,0.0013333774686633605
1779715915,frontend,currencyservice,0.009669059405940598,8650.8,81.57777777777777,2026-05-25 13:31:55+00:00,5,3,0.039265221176540646,0.13312792635517906,0.20395119531096653
1779715915,frontend,productcatalogservice,0.008990081964042166,11997.026761413723,52.89070086153892,2026-05-25 13:31:55+00:00,5,7,0.03650795200373529,0.1846233059572061,0.13223112905735587
1779715915,frontend,recommendationservice,0.02418839285714286,988.7666666666665,6.6,2026-05-25 13:31:55+00:00,5,8,0.09822698936540232,0.015216217688821367,0.01650054617470909
1779715915,frontend,shippingservice,0.009300000000000001,375.3888888888888,3.0444444444444443,2026-05-25 13:31:55+00:00,5,9,0.03776650257391866,0.005776892813907672,0.007611363050286684
1779715915,recommendationservice,productcatalogservice,0.008896397396029272,5430.489334844546,6.822456311902275,2026-05-25 13:31:55+00:00,8,7,0.03612750700599385,0.08357028069563163,0.017056705363557422
1779715930,checkoutservice,cartservice,0.009637505763664749,144.99017352315207,1.4221925939094064,2026-05-25 13:32:10+00:00,2,1,0.039137084540817275,0.0022312666045931967,0.003555599176535069
1779715930,checkoutservice,currencyservice,0.008650000000000001,171.1611111111111,2.0888888888888886,2026-05-25 13:32:10+00:00,2,3,0.035126908307999624,0.002634013477929281,0.005222395085598163
1779715930,checkoutservice,emailservice,0.009549986665777716,110.40972620396916,0.6889096310124379,2026-05-25 13:32:10+00:00,2,4,0.03878167698860032,0.0016991050421900277,0.0017223310873822019
1779715930,checkoutservice,paymentservice,0.021550000000000034,63.02777777777777,0.6444444444444444,2026-05-25 13:32:10+00:00,2,6,0.08751270220085468,0.0009699400469702908,0.0016111644413015608
1779715930,checkoutservice,productcatalogservice,0.004951304347826087,201.59444444444443,1.422222222222222,2026-05-25 13:32:10+00:00,2,7,0.020106822408218126,0.003102354736395852,0.0035556732497689617
1779715930,checkoutservice,shippingservice,0.016,165.55555555555554,1.422222222222222,2026-05-25 13:32:10+00:00,2,9,0.06497462808416114,0.0025477490876786835,0.0035556732497689617
1779715930,frontend,adservice,0.009720270270270283,1306.6499999999999,9.11111111111111,2026-05-25 13:32:10+00:00,5,0,0.03947318410552126,0.020108152421971923,0.022778531756332415
1779715930,frontend,cartservice,0.019875049319404602,1775.1040420425757,13.688583717266885,2026-05-25 13:32:10+00:00,5,1,0.08071087110516713,0.027317233109287548,0.03422259207471716
1779715930,frontend,checkoutservice,0.09854545454545456,168.94444444444443,0.7555555555555554,2026-05-25 13:32:10+00:00,5,2,0.4001846411547198,0.0025999009985338516,0.0018889514139397608
1779715930,frontend,currencyservice,0.009789468503937006,8779.172222222222,82.15555555555555,2026-05-25 13:32:10+00:00,5,3,0.03975419219905727,0.13510345783736,0.2053956875686852
1779715930,frontend,productcatalogservice,0.009249999999999991,11904.038888888888,50.355555555555554,2026-05-25 13:32:10+00:00,5,7,0.03756345686115562,0.18319230736223097,0.12589305599963233
1779715930,frontend,recommendationservice,0.024344029850746268,937.05,6.666666666666666,2026-05-25 13:32:10+00:00,5,8,0.09885901785137223,0.014420345331197178,0.016667218358292008
1779715930,frontend,shippingservice,0.00965263157894737,341.43888888888887,3.0,2026-05-25 13:32:10+00:00,5,9,0.039198509179720904,0.005254433261061887,0.007500248261231405
1779715930,recommendationservice,productcatalogservice,0.009284615384615384,5025.9222222222215,6.555555555555555,2026-05-25 13:32:10+00:00,8,7,0.03770402696999158,0.07734436161590348,0.01638943138565381
1779715945,checkoutservice,cartservice,0.00957142857142857,148.0722222222222,1.511111111111111,2026-05-25 13:32:25+00:00,2,1,0.038868750728917816,0.0022786965246275152,0.0037779028278795224
1779715945,checkoutservice,currencyservice,0.008700000000000003,235.09444444444443,2.222222222222222,2026-05-25 13:32:25+00:00,2,3,0.03532995402076263,0.003617889199439559,0.005555739452764003
1779715945,checkoutservice,emailservice,0.009516666666666665,120.3722222222222,0.7333333333333333,2026-05-25 13:32:25+00:00,2,4,0.038646367329225,0.0018524187745883906,0.0018333940194121211
1779715945,checkoutservice,paymentservice,0.02034999999999997,86.28888888888886,0.7555555555555555,2026-05-25 13:32:25+00:00,2,6,0.08263960509454232,0.0013279073432827283,0.0018889514139397612
1779715945,checkoutservice,productcatalogservice,0.00699999999999997,216.13333333333333,1.4444444444444442,2026-05-25 13:32:25+00:00,2,7,0.028426399786820374,0.0033260949834581044,0.0036112306442966017
1779715945,checkoutservice,shippingservice,0.00699999999999997,172.2444444444444,1.511111111111111,2026-05-25 13:32:25+00:00,2,9,0.028426399786820374,0.0026506849904157684,0.0037779028278795224
1779715945,frontend,adservice,0.009546969696969696,1266.511111111111,8.799999999999999,2026-05-25 13:32:25+00:00,5,0,0.038769425336960164,0.019490451510613585,0.022000728232945452
1779715945,frontend,cartservice,0.016477272727272733,1796.0222222222221,13.644444444444442,2026-05-25 13:32:25+00:00,5,1,0.06691279170598984,0.027639144834265623,0.034112240239970976
1779715945,frontend,checkoutservice,0.09834999999999999,189.1111111111111,0.7999999999999999,2026-05-25 13:32:25+00:00,5,2,0.399390917004828,0.002910247615590013,0.002000066202995041
1779715945,frontend,currencyservice,0.009823273942093542,8754.138888888887,80.93333333333332,2026-05-25 13:32:25+00:00,5,3,0.039891473184772465,0.13471821765651834,0.20234003086966498
1779715945,frontend,productcatalogservice,0.008987195121951223,12125.594444444441,52.28888888888888,2026-05-25 13:32:25+00:00,5,7,0.036496228785535496,0.1866018454030573,0.13072654932353697
1779715945,frontend,recommendationservice,0.024264285714285714,990.711111111111,6.933333333333332,2026-05-25 13:32:25+00:00,5,8,0.09853518375084616,0.015246140916361218,0.017333907092623686
1779715945,frontend,shippingservice,0.009485714285714287,377.7833333333333,3.0888888888888886,2026-05-25 13:32:25+00:00,5,9,0.03852067236418125,0.005813741131249603,0.007722477839341964
1779715945,recommendationservice,productcatalogservice,0.009326666666666664,5320.766666666666,6.91111111111111,2026-05-25 13:32:25+00:00,8,7,0.037874793620725586,0.08188174885017474,0.017278349698096048
1779715960,checkoutservice,cartservice,0.009588888888888888,189.46111111111108,1.5999999999999996,2026-05-25 13:32:40+00:00,2,1,0.03893965558099379,0.0029156337965471862,0.004000132405990082
1779715960,checkoutservice,currencyservice,0.008183333333333329,247.5,2.2888888888888888,2026-05-25 13:32:40+00:00,2,3,0.033231814988878235,0.0038087993911438043,0.005722411636346923
1779715960,checkoutservice,emailservice,0.009399999999999999,143.05555555555554,0.7777777777777777,2026-05-25 13:32:40+00:00,2,4,0.038172593999444664,0.0022014945975747015,0.001944508808467401
1779715960,checkoutservice,paymentservice,0.019749999999999986,95.51666666666665,0.7777777777777777,2026-05-25 13:32:40+00:00,2,6,0.08020305654138635,0.0014699144316932754,0.001944508808467401
1779715960,checkoutservice,productcatalogservice,0.00645031105581227,261.31492870403287,1.666524469723901,2026-05-25 13:32:40+00:00,2,7,0.026194160117409687,0.004021398550887705,0.004166449085448759
1779715960,checkoutservice,shippingservice,0.006199999999999972,220.6555555555555,1.5999999999999996,2026-05-25 13:32:40+00:00,2,9,0.025177668382612328,0.003395687861222213,0.004000132405990082
1779715960,frontend,adservice,0.009459615384615379,1216.211111111111,8.466666666666665,2026-05-25 13:32:40+00:00,5,0,0.038414686964662076,0.018716380361625574,0.021167367315030848
1779715960,frontend,cartservice,0.014416666666666574,1827.8388888888887,14.177777777777777,2026-05-25 13:32:40+00:00,5,1,0.058544847179998985,0.0281287743317534,0.03544561770863434
1779715960,frontend,checkoutservice,0.09845833333333333,199.83333333333331,0.7555555555555554,2026-05-25 13:32:40+00:00,5,2,0.39983084938248115,0.0030752528417383306,0.0018889514139397608
1779715960,frontend,currencyservice,0.009727118644067797,8416.544444444444,79.13333333333333,2026-05-25 13:32:40+00:00,5,3,0.03950099476430093,0.12952294689104957,0.19783988191292615
1779715960,frontend,productcatalogservice,0.00841611803856606,12261.995807165145,54.41753367302603,2026-05-25 13:32:40+00:00,5,7,0.03417713371676434,0.18870093803853935,0.13604833743720496
1779715960,frontend,recommendationservice,0.024294999999999997,1062.088888888889,7.466666666666666,2026-05-25 13:32:40+00:00,5,8,0.09865991183154342,0.016344579851881213,0.01866728456128705
1779715960,frontend,shippingservice,0.009392307692307693,398.28888888888883,3.622222222222222,2026-05-25 13:32:40+00:00,5,9,0.03814135619748113,0.0061293029393912814,0.009055855308005324
1779715960,recommendationservice,productcatalogservice,0.009266752183341437,5639.356069044516,7.221606035470237,2026-05-25 13:32:40+00:00,8,7,0.037631486041293634,0.0867845493423025,0.01805461270361129
1779715975,checkoutservice,cartservice,0.009562494860939807,186.8113197623598,1.4222558039616575,2026-05-25 13:32:55+00:00,2,1,0.038832471696641634,0.002874855923109683,0.003555757206896565
1779715975,checkoutservice,currencyservice,0.008625000000000013,250.7444444444444,2.2888888888888888,2026-05-25 13:32:55+00:00,2,3,0.035025385451618166,0.0038587284336674397,0.005722411636346923
1779715975,checkoutservice,emailservice,0.009099999999999995,158.1,0.711111111111111,2026-05-25 13:32:55+00:00,2,4,0.03695431972286663,0.002433014883797315,0.0017778366248844808
1779715975,checkoutservice,paymentservice,0.009699999999999999,109.54999999999998,0.711111111111111,2026-05-25 13:32:55+00:00,2,6,0.039390868276022686,0.0016858746395951665,0.0017778366248844808
1779715975,checkoutservice,productcatalogservice,0.008666684814008271,303.8140379530254,1.5999363005429268,2026-05-25 13:32:55+00:00,2,7,0.03519466390705217,0.004675421102126965,0.003999973152076031
1779715975,checkoutservice,shippingservice,0.0065999999999999965,205.08888888888885,1.422222222222222,2026-05-25 13:32:55+00:00,2,9,0.026802034084716455,0.0031561310510317543,0.0035556732497689617
1779715975,frontend,adservice,0.009085000000000001,1168.2388888888888,8.177777777777777,2026-05-25 13:32:55+00:00,5,0,0.03689340600903775,0.01797813159074955,0.02044512118617153
1779715975,frontend,cartservice,0.01545991586404898,1823.236651505499,14.333647421366875,2026-05-25 13:32:55+00:00,5,1,0.06278139271743782,0.02805795009359682,0.035835304716403636
1779715975,frontend,checkoutservice,0.09876923076923078,177.83333333333331,0.6666666666666666,2026-05-25 13:32:55+00:00,5,2,0.4010933772118409,0.002736692895858881,0.001666721835829201
1779715975,frontend,currencyservice,0.009570408163265303,8139.277777777777,76.73333333333332,2026-05-25 13:32:55+00:00,5,3,0.03886460693886142,0.12525606563373856,0.191839683303941
1779715975,frontend,productcatalogservice,0.008412052917502171,12386.524255420009,57.64255716285581,2026-05-25 13:32:55+00:00,5,7,0.034160625608686636,0.19061731734315834,0.14411116304454705
1779715975,frontend,recommendationservice,0.024247794117647062,1092.6777777777777,7.666666666666666,2026-05-25 13:32:55+00:00,5,8,0.09846821279096425,0.01681531496855097,0.01916730111203581
1779715975,frontend,shippingservice,0.008269999999999998,440.9833333333333,3.9111111111111105,2026-05-25 13:32:55+00:00,5,9,0.03358376089100078,0.006786331521230566,0.009778101436864644
1779715975,recommendationservice,productcatalogservice,0.008692351535538653,5995.570717878067,7.533082979653209,2026-05-25 13:32:55+00:00,8,7,0.03529889426240068,0.09226636808005496,0.018833330839951954
1779715990,checkoutservice,cartservice,0.009680000000000001,178.22777777777776,1.333333333333333,2026-05-25 13:33:10+00:00,2,1,0.039309649990917496,0.0027427630363026797,0.0033334436716584014
1779715990,checkoutservice,currencyservice,0.009019999999999997,221.54999999999998,2.0666666666666664,2026-05-25 13:33:10+00:00,2,3,0.03662944658244583,0.0034094525458905445,0.0051668376910705225
1779715990,checkoutservice,emailservice,0.009175,153.53888888888886,0.6222222222222221,2026-05-25 13:33:10+00:00,2,4,0.037258888292011155,0.0023628235414824084,0.0015556070467739208
1779715990,checkoutservice,paymentservice,0.009716666666666669,113.32222222222221,0.6444444444444444,2026-05-25 13:33:10+00:00,2,6,0.03945855018027703,0.001743925701022476,0.0016111644413015608
1779715990,checkoutservice,productcatalogservice,0.008350000000000002,229.82777777777775,1.4888888888888887,2026-05-25 13:33:10+00:00,2,7,0.0339086340314216,0.0035368400002744787,0.003722345433351882
1779715990,checkoutservice,shippingservice,0.004959402985074627,195.1222222222222,1.3777777777777775,2026-05-25 13:33:10+00:00,2,9,0.0201397102796689,0.0030027531361560647,0.0034445584607136815
1779715990,frontend,adservice,0.009334615384615382,1114.2888888888888,7.644444444444444,2026-05-25 13:33:10+00:00,5,0,0.037907072682754575,0.01714789026892245,0.01911174371750817
1779715990,frontend,cartservice,0.01612272727272718,1883.5888888888887,14.555555555555554,2026-05-25 13:33:10+00:00,5,1,0.06547301301548814,0.028986716012788825,0.036390093415604216
1779715990,frontend,checkoutservice,0.0989,176.27777777777777,0.6222222222222221,2026-05-25 13:33:10+00:00,5,2,0.40162441984522107,0.0027127543138270012,0.0015556070467739208
1779715990,frontend,currencyservice,0.009569692737430165,8105.655555555555,74.26666666666665,2026-05-25 13:33:10+00:00,5,3,0.03886170165588893,0.12473865028210664,0.18567281251137296
1779715990,frontend,productcatalogservice,0.008502325581395334,12483.516666666665,59.73333333333333,2026-05-25 13:33:10+00:00,5,7,0.03452721515635069,0.19210994213872132,0.1493382764902964
1779715990,frontend,recommendationservice,0.02436647058823529,1148.5555555555554,8.155555555555555,2026-05-25 13:33:10+00:00,5,8,0.09895014776213995,0.01767522303311044,0.020389563791643892
1779715990,frontend,shippingservice,0.008933333333333335,485.42222222222216,4.422222222222222,2026-05-25 13:33:10+00:00,5,9,0.03627750068032331,0.007470205512919888,0.011055921511000365
1779715990,recommendationservice,productcatalogservice,0.008533333333333334,6189.349999999999,7.955555555555555,2026-05-25 13:33:10+00:00,8,7,0.03465313497821928,0.09524845459222588,0.01988954724089513
1779716005,checkoutservice,cartservice,0.009575009791095521,177.06442237184189,1.5110607440985415,2026-05-25 13:33:25+00:00,2,1,0.03888329375491456,0.0027248600570630335,0.0037777769061800395
1779716005,checkoutservice,currencyservice,0.009124999999999996,215.5722222222222,2.2222222222222223,2026-05-25 13:33:25+00:00,2,3,0.037055842579248134,0.0033174599949394616,0.005555739452764004
1779716005,checkoutservice,emailservice,0.00946666666666667,140.35555555555553,0.6888888888888888,2026-05-25 13:33:25+00:00,2,4,0.03844332161646202,0.0021599440587622234,0.0017222792303568408
1779716005,checkoutservice,paymentservice,0.009757142857142858,102.16666666666666,0.6888888888888888,2026-05-25 13:33:25+00:00,2,6,0.03962292051918041,0.0015722518698795636,0.0017222792303568408
1779716005,checkoutservice,productcatalogservice,0.008175015556938404,252.5818120752331,1.5334597755650385,2026-05-25 13:33:25+00:00,2,7,0.03319803721214402,0.0038870038466510977,0.0038337763384499934
1779716005,checkoutservice,shippingservice,0.004959384615384616,178.8222222222222,1.5555555555555554,2026-05-25 13:33:25+00:00,2,9,0.020139635681932874,0.002751910994436291,0.003889017616934802
1779716005,frontend,adservice,0.009453125,1117.1999999999998,7.7333333333333325,2026-05-25 13:33:25+00:00,5,0,0.03838833006925536,0.017192689615296394,0.01933397329561873
1779716005,frontend,cartservice,0.01532519598954725,1907.16069706464,14.11063855002259,2026-05-25 13:33:25+00:00,5,1,0.0622343068586069,0.029349464653709877,0.035277764083223924
1779716005,frontend,checkoutservice,0.09897222222222223,195.27777777777774,0.7555555555555554,2026-05-25 13:33:25+00:00,5,2,0.40191770809698985,0.0030051469943592523,0.0018889514139397608
1779716005,frontend,currencyservice,0.009605498721227625,7821.499999999999,72.08888888888887,2026-05-25 13:33:25+00:00,5,3,0.03900710668591565,0.12036575530436873,0.18022818784766423
1779716005,frontend,productcatalogservice,0.00866225171025712,12742.883617828353,61.89451161688003,2026-05-25 13:33:25+00:00,5,7,0.03517666145283407,0.19610136309091308,0.15474140104475714
1779716005,frontend,recommendationservice,0.024420312500000003,1189.6277777777777,8.11111111111111,2026-05-25 13:33:25+00:00,5,8,0.09916879514915572,0.018307287093687907,0.02027844900258861
1779716005,frontend,shippingservice,0.009229166666666663,493.1944444444444,4.022222222222222,2026-05-25 13:33:25+00:00,5,9,0.03747885448083773,0.007589812928143461,0.010055888409502846
1779716005,recommendationservice,productcatalogservice,0.008958260564632428,6597.257088667615,8.289639639639638,2026-05-25 13:33:25+00:00,8,7,0.03637872802924996,0.10152577285873277,0.02072478509781404
1779716020,checkoutservice,cartservice,0.009524999999999999,200.95555555555552,1.7777777777777777,2026-05-25 13:33:40+00:00,2,1,0.03868020828135217,0.0030925228187756153,0.004444591562211202
1779716020,checkoutservice,currencyservice,0.008689999999999988,269.1111111111111,3.0888888888888886,2026-05-25 13:33:40+00:00,2,3,0.03528934487820997,0.004141374691515283,0.007722477839341964
1779716020,checkoutservice,emailservice,0.009416666666666669,157.77222222222218,0.8666666666666666,2026-05-25 13:33:40+00:00,2,4,0.03824027590369901,0.002427970682583454,0.002166738386577961
1779716020,checkoutservice,paymentservice,0.009537499999999999,110.27777777777777,0.8444444444444443,2026-05-25 13:33:40+00:00,2,6,0.03873096970954293,0.0016970744761886534,0.002111180992050321
1779716020,checkoutservice,productcatalogservice,0.004997752329244888,381.3107877705924,2.422246914128956,2026-05-25 13:33:40+00:00,2,7,0.02029544367808979,0.005868025439584633,0.0060558177353229456
1779716020,checkoutservice,shippingservice,0.004959466666666666,212.88888888888886,1.7999999999999998,2026-05-25 13:33:40+00:00,2,9,0.020139968885153813,0.003276165940934468,0.0045001489567388425
1779716020,frontend,adservice,0.009285999999999999,1137.7944444444443,7.866666666666665,2026-05-25 13:33:40+00:00,5,0,0.037709649774345017,0.017509619342411322,0.01966731766278457
1779716020,frontend,cartservice,0.00996269035532995,1901.2333333333331,14.377777777777776,2026-05-25 13:33:40+00:00,5,1,0.040457631284701416,0.02925824792897901,0.0359456342593831
1779716020,frontend,checkoutservice,0.09906818181818182,242.38888888888889,0.9333333333333332,2026-05-25 13:33:40+00:00,5,2,0.40230739178815117,0.003730144050181912,0.0023334105701608814
1779716020,frontend,currencyservice,0.009582409972299168,7883.2666666666655,74.6,2026-05-25 13:33:40+00:00,5,3,0.038913345256255956,0.12131628800090603,0.18650617342928758
1779716020,frontend,productcatalogservice,0.008511159510127918,12629.935869192155,60.245116064307595,2026-05-25 13:33:40+00:00,5,7,0.03456308898347079,0.19436320019702777,0.15061777566966908
1779716020,frontend,recommendationservice,0.02433414634146341,1166.088888888889,8.066666666666666,2026-05-25 13:33:40+00:00,5,8,0.09881888176763347,0.017945045050584064,0.020167334213533332
1779716020,frontend,shippingservice,0.009413333333333334,452.9333333333333,3.9111111111111105,2026-05-25 13:33:40+00:00,5,9,0.03822673952284814,0.006970231128196903,0.009778101436864644
1779716020,recommendationservice,productcatalogservice,0.008793323501045197,6371.569243637513,8.111200495813486,2026-05-25 13:33:40+00:00,8,7,0.03570893275650784,0.09805264264968545,0.02027867247174147
1779716035,checkoutservice,cartservice,0.009239999999999998,209.85555555555553,1.5999999999999999,2026-05-25 13:33:55+00:00,2,1,0.03752284771860305,0.0032294857059723017,0.004000132405990082
1779716035,checkoutservice,currencyservice,0.007399999999999995,347.46666666666664,3.3999999999999995,2026-05-25 13:33:55+00:00,2,3,0.03005076548892451,0.005347195266435422,0.008500281362728923
1779716035,checkoutservice,emailservice,0.01929999999999996,171.32777777777775,0.8666666666666666,2026-05-25 13:33:55+00:00,2,4,0.0783756451265192,0.002636578326004125,0.002166738386577961
1779716035,checkoutservice,paymentservice,0.009075,104.3722222222222,0.8666666666666666,2026-05-25 13:33:55+00:00,2,6,0.03685279686648515,0.0016061933594033364,0.002166738386577961
1779716035,checkoutservice,productcatalogservice,0.004991457713210581,452.51341984608433,2.577691857579865,2026-05-25 13:33:55+00:00,2,7,0.020269881782104687,0.006963769042400673,0.006444442957601244
1779716035,checkoutservice,shippingservice,0.00495943661971831,220.95555555555552,1.5999999999999999,2026-05-25 13:33:55+00:00,2,9,0.020139846867072906,0.003400304587756933,0.004000132405990082
1779716035,frontend,adservice,0.008824999999999996,1205.7222222222222,8.355555555555554,2026-05-25 13:33:55+00:00,5,0,0.03583756830267011,0.018554965922782038,0.02088958034239265
1779716035,frontend,cartservice,0.00995965909090909,1869.7499999999995,14.244444444444444,2026-05-25 13:33:55+00:00,5,1,0.04044532157980329,0.028773748127640913,0.035612289892217264
1779716035,frontend,checkoutservice,0.09918181818181819,214.1111111111111,0.7999999999999999,2026-05-25 13:33:55+00:00,5,2,0.402768859317158,0.00329497482681666,0.002000066202995041
1779716035,frontend,currencyservice,0.009519230769230756,7978.61111111111,77.73333333333332,2026-05-25 13:33:55+00:00,5,3,0.03865677992987947,0.12278355208958865,0.1943397660576848
1779716035,frontend,productcatalogservice,0.0083986511672014,12511.469741276507,56.753592723448065,2026-05-25 13:33:55+00:00,5,7,0.0341062022498448,0.19254011447631553,0.14188867838089222
1779716035,frontend,recommendationservice,0.024182274868692438,1107.3936747768767,7.110713624412101,2026-05-25 13:33:55+00:00,5,8,0.09820214473889048,0.017041779209077446,0.017777372499203775
1779716035,frontend,shippingservice,0.009272727272727268,433.1833333333333,3.4222222222222216,2026-05-25 13:33:55+00:00,5,9,0.037655750366957,0.006666296631327852,0.008555838757256564
1779716035,recommendationservice,productcatalogservice,0.009547051127043155,6233.637141666392,7.466009937991197,2026-05-25 13:33:55+00:00,8,7,0.03876975601750628,0.09592999333248631,0.018665642685251622
1779716050,checkoutservice,cartservice,0.009414266665396744,221.41538472935233,1.8222844485928693,2026-05-25 13:34:10+00:00,2,1,0.03823052970432933,0.003407380939583953,0.004555861922342566
1779716050,checkoutservice,currencyservice,0.008012500000000006,346.29999999999995,3.733333333333333,2026-05-25 13:34:10+00:00,2,3,0.03253807547027134,0.005329241329911512,0.009333642280643525
1779716050,checkoutservice,emailservice,0.01885000000000001,184.96666666666664,0.8888888888888888,2026-05-25 13:34:10+00:00,2,4,0.07654823371165238,0.0028464683934622177,0.002222295781105601
1779716050,checkoutservice,paymentservice,0.00496,107.76111111111109,0.8444444444444443,2026-05-25 13:34:10+00:00,2,6,0.020142134706089953,0.001658345270258504,0.002111180992050321
1779716050,checkoutservice,productcatalogservice,0.004989158878504673,493.5222222222221,2.8,2026-05-25 13:34:10+00:00,2,7,0.02026054641147698,0.007594857129357321,0.007000231710482644
1779716050,checkoutservice,shippingservice,0.0058000000000000395,250.30555555555554,1.822222222222222,2026-05-25 13:34:10+00:00,2,9,0.023553302680508575,0.0038519743337370165,0.0045557063512664826
1779716050,frontend,adservice,0.016942857142857086,1224.0333333333333,8.355555555555554,2026-05-25 13:34:10+00:00,5,0,0.06880349009626326,0.0188367572312716,0.02088958034239265
1779716050,frontend,cartservice,0.009961575357126565,1833.4916764821357,14.3338059574342,2026-05-25 13:34:10+00:00,5,1,0.0404531033726027,0.028215765580009662,0.0358357010696914
1779716050,frontend,checkoutservice,0.09902380952380953,246.49999999999994,0.8888888888888888,2026-05-25 13:34:10+00:00,5,2,0.4021271997053961,0.0037934103026947374,0.002222295781105601
1779716050,frontend,currencyservice,0.009707658959537568,8327.699999999999,78.33333333333331,2026-05-25 13:34:10+00:00,5,3,0.03942197065398926,0.1281557118772859,0.1958398157099311
1779716050,frontend,productcatalogservice,0.008433571428571433,12081.244444444445,53.266666666666666,2026-05-25 13:34:10+00:00,5,7,0.034248010437039775,0.1859193393303413,0.13317107468275316
1779716050,frontend,recommendationservice,0.024195689655172416,993.0611111111109,7.088888888888889,2026-05-25 13:34:10+00:00,5,8,0.0982566210365383,0.01528230527421652,0.01772280885431717
1779716050,frontend,shippingservice,0.00975,374.18888888888887,3.4222222222222216,2026-05-25 13:34:10+00:00,5,9,0.039593913988785694,0.005758425907768794,0.008555838757256564
1779716050,recommendationservice,productcatalogservice,0.009470000000000006,5390.761111111111,6.844444444444443,2026-05-25 13:34:10+00:00,8,7,0.0384568579973129,0.08295889954667353,0.01711167751451313
1779716065,checkoutservice,cartservice,0.00961818181818182,222.3111111111111,1.8666666666666665,2026-05-25 13:34:25+00:00,2,1,0.039058611655137784,0.0034211653520990004,0.004666821140321763
1779716065,checkoutservice,currencyservice,0.00891428571428571,351.7666666666666,3.2666666666666666,2026-05-25 13:34:25+00:00,2,3,0.036200149932604044,0.0054133683467664055,0.008166936995563085
1779716065,checkoutservice,emailservice,0.018550000000000018,186.46666666666664,0.9333333333333332,2026-05-25 13:34:25+00:00,2,4,0.0753299594350744,0.0028695520261358166,0.0023334105701608814
1779716065,checkoutservice,paymentservice,0.008950000000000003,117.17222222222222,0.911111111111111,2026-05-25 13:34:25+00:00,2,6,0.03634518258457765,0.00180317369155138,0.0022778531756332413
1779716065,checkoutservice,productcatalogservice,0.004953636530757778,367.95634860672857,2.177728397256418,2026-05-25 13:34:25+00:00,2,7,0.020116293203131304,0.005662512794104263,0.005444501208318901
1779716065,checkoutservice,shippingservice,0.0058000000000000395,249.2833333333333,1.8888888888888888,2026-05-25 13:34:25+00:00,2,9,0.023553302680508575,0.003836243265544638,0.004722378534849403
1779716065,frontend,adservice,0.016942857142857086,1216.8833333333332,8.377777777777776,2026-05-25 13:34:25+00:00,5,0,0.06880349009626326,0.01872672524886078,0.02094513773692029
1779716065,frontend,cartservice,0.012887499999999892,1820.3388888888887,14.133333333333331,2026-05-25 13:34:25+00:00,5,1,0.05233503246466373,0.02801335616838541,0.035334502919579056
1779716065,frontend,checkoutservice,0.09883333333333334,233.1111111111111,0.9333333333333332,2026-05-25 13:34:25+00:00,5,2,0.4013536922282037,0.0035873675073489117,0.0023334105701608814
1779716065,frontend,currencyservice,0.009723830409356734,8304.983333333334,76.6222222222222,2026-05-25 13:34:25+00:00,5,3,0.03948764152508813,0.12780612308468461,0.1915618963313028
1779716065,frontend,productcatalogservice,0.008720241058072176,12334.75934551057,56.309855858258146,2026-05-25 13:34:25+00:00,5,7,0.03541215122202947,0.18982070256600408,0.14077929949703055
1779716065,frontend,recommendationservice,0.024273913043478257,1078.872222222222,7.488888888888888,2026-05-25 13:34:25+00:00,5,8,0.09857427950920424,0.01660286005301803,0.01872284195581469
1779716065,frontend,shippingservice,0.013,420.7222222222222,3.4444444444444438,2026-05-25 13:34:25+00:00,5,9,0.05279188531838092,0.006474531490265326,0.008611396151784204
1779716065,recommendationservice,productcatalogservice,0.009617655293751644,5799.8821442503795,7.466500748114898,2026-05-25 13:34:25+00:00,8,7,0.039056473484573535,0.08925489931202694,0.018666869751177248
1779716080,checkoutservice,cartservice,0.009657142857142859,245.33888888888885,2.3999999999999995,2026-05-25 13:34:40+00:00,2,1,0.03921682909365441,0.003775541861106656,0.006000198608985123
1779716080,checkoutservice,currencyservice,0.009112499999999994,317.4055555555555,3.244444444444444,2026-05-25 13:34:40+00:00,2,3,0.03700508115105738,0.0048845821686693365,0.008111379601035444
1779716080,checkoutservice,emailservice,0.009400000000000002,208.54444444444442,1.0888888888888888,2026-05-25 13:34:40+00:00,2,4,0.03817259399944468,0.00320930890111686,0.0027223123318543614
1779716080,checkoutservice,paymentservice,0.009216666666666665,144.39999999999998,1.0888888888888888,2026-05-25 13:34:40+00:00,2,6,0.03742809305264698,0.002222184372045112,0.0027223123318543614
1779716080,checkoutservice,productcatalogservice,0.004951780469116026,318.9520193938855,1.9778385225681712,2026-05-25 13:34:40+00:00,2,7,0.020108755895951673,0.0049083808374606784,0.004944759979962805
1779716080,checkoutservice,shippingservice,0.008299999999999993,290.7722222222222,2.355555555555555,2026-05-25 13:34:40+00:00,2,9,0.033705588318658566,0.0044747194463092155,0.005889083819929843
1779716080,frontend,adservice,0.017199999999999962,1181.572222222222,7.955555555555555,2026-05-25 13:34:40+00:00,5,0,0.06984772519047307,0.018183319436737098,0.01988954724089513
1779716080,frontend,cartservice,0.016163636363636324,1835.2111111111108,14.244444444444444,2026-05-25 13:34:40+00:00,5,1,0.06563914132593081,0.028242226111597348,0.035612289892217264
1779716080,frontend,checkoutservice,0.09852777777777777,285.7222222222222,1.2444444444444442,2026-05-25 13:34:40+00:00,5,2,0.4001128573168742,0.0043970045496414326,0.0031112140935478415
1779716080,frontend,currencyservice,0.009848866498740547,8125.238888888888,74.02222222222221,2026-05-25 13:34:40+00:00,5,3,0.03999540236288883,0.12504001993090083,0.18506168117156893
1779716080,frontend,productcatalogservice,0.008915143285911647,12491.59977405901,58.91303123911965,2026-05-25 13:34:40+00:00,5,7,0.03620363245744472,0.1922343337933254,0.14728745337169286
1779716080,frontend,recommendationservice,0.024348134216255594,1113.4140435357015,8.067111160499314,2026-05-25 13:34:40+00:00,5,8,0.09887568532777784,0.017134427196402995,0.02016844548489848
1779716080,frontend,shippingservice,0.012774999999999904,407.4333333333333,3.8,2026-05-25 13:34:40+00:00,5,9,0.05187817961094702,0.006270027603764406,0.009500314464226445
1779716080,recommendationservice,productcatalogservice,0.009137519223503789,6081.35460021519,7.845145251660948,2026-05-25 13:34:40+00:00,8,7,0.03710668207243947,0.09358650383284521,0.01961351234429261
1779716095,checkoutservice,cartservice,0.009726666666666668,220.5944444444444,1.7777777777777777,2026-05-25 13:34:55+00:00,2,1,0.03949915932282963,0.0033947474169281036,0.004444591562211202
1779716095,checkoutservice,currencyservice,0.009340000000000001,323.88888888888886,2.6666666666666665,2026-05-25 13:34:55+00:00,2,3,0.03792893914412907,0.00498435475878078,0.006666887343316804
1779716095,checkoutservice,emailservice,0.0094375,198.4722222222222,0.9777777777777776,2026-05-25 13:34:55+00:00,2,4,0.03832487828401692,0.0030543065824604355,0.002444525359216161
1779716095,checkoutservice,paymentservice,0.018250000000000002,145.6611111111111,1.0666666666666664,2026-05-25 13:34:55+00:00,2,6,0.07411168515849631,0.002241591722478101,0.002666754937326721
1779716095,checkoutservice,productcatalogservice,0.00495322033898305,240.3833333333333,1.5333333333333332,2026-05-25 13:34:55+00:00,2,7,0.02011460308402039,0.0036992803783479516,0.003833460222407162
1779716095,checkoutservice,shippingservice,0.009199999999999996,240.36666666666667,1.7333333333333332,2026-05-25 13:34:55+00:00,2,9,0.03736041114839264,0.003699023893540468,0.004333476773155922
1779716095,frontend,adservice,0.009702173913043474,1196.772222222222,8.355555555555554,2026-05-25 13:34:55+00:00,5,0,0.03939969635049063,0.018417233581162894,0.02088958034239265
1779716095,frontend,cartservice,0.018570000000000014,1809.0055555555555,14.444444444444443,2026-05-25 13:34:55+00:00,5,1,0.07541117772017958,0.027838946499295997,0.03611230644296602
1779716095,frontend,checkoutservice,0.09885294117647057,219.27777777777777,0.8888888888888888,2026-05-25 13:34:55+00:00,5,2,0.40143331799791465,0.003374485117136834,0.002222295781105601
1779716095,frontend,currencyservice,0.009830993520518359,7981.65,74.82222222222222,2026-05-25 13:34:55+00:00,5,3,0.0399228217308424,0.12283031781948664,0.187061747374564
1779716095,frontend,productcatalogservice,0.009103358208955227,12718.022222222222,60.33333333333333,2026-05-25 13:34:55+00:00,5,7,0.036967957121485075,0.19571876887496312,0.1508383261425427
1779716095,frontend,recommendationservice,0.02432125,1172.7499999999998,7.999999999999999,2026-05-25 13:34:55+00:00,5,8,0.098766510830744,0.018047553478642002,0.02000066202995041
1779716095,frontend,shippingservice,0.012475000000000012,445.8222222222222,3.622222222222222,2026-05-25 13:34:55+00:00,5,9,0.05065990533436944,0.00686079761033688,0.009055855308005324
1779716095,recommendationservice,productcatalogservice,0.009034210526315794,6458.205555555554,8.088888888888889,2026-05-25 13:34:55+00:00,8,7,0.0366871543113364,0.09938589651669305,0.020222891608060973
1779716110,checkoutservice,cartservice,0.009707692307692308,213.89444444444442,1.5999999999999996,2026-05-25 13:35:10+00:00,2,1,0.03942210607798623,0.0032916405243193624,0.004000132405990082
1779716110,checkoutservice,currencyservice,0.009133333333333335,245.88888888888886,2.311111111111111,2026-05-25 13:35:10+00:00,2,3,0.037089683531375324,0.003784005859753642,0.005777969030874563
1779716110,checkoutservice,emailservice,0.009383333333333332,166.8833333333333,0.8222222222222222,2026-05-25 13:35:10+00:00,2,4,0.03810491209519033,0.00256818237734161,0.0020556235975226814
1779716110,checkoutservice,paymentservice,0.01929999999999996,125.22777777777776,0.8222222222222222,2026-05-25 13:35:10+00:00,2,6,0.0783756451265192,0.001927141348502188,0.0020556235975226814
1779716110,checkoutservice,productcatalogservice,0.004950002725752552,245.04506019279464,1.4440535244497752,2026-05-25 13:35:10+00:00,2,7,0.020101536632584748,0.003771020105313588,0.003610253311959836
1779716110,checkoutservice,shippingservice,0.009239999999999998,222.47777777777776,1.5555555555555554,2026-05-25 13:35:10+00:00,2,9,0.03752284771860305,0.0034237302001738443,0.003889017616934802
1779716110,frontend,adservice,0.011387499999999953,1169.4277777777777,8.044444444444444,2026-05-25 13:35:10+00:00,5,0,0.04624366108177387,0.017996427507016775,0.02011177681900569
1779716110,frontend,cartservice,0.019084374999999997,1779.061111111111,13.999999999999998,2026-05-25 13:35:10+00:00,5,1,0.07750001049022891,0.0273781287951823,0.03500115855241322
1779716110,frontend,checkoutservice,0.09854166666666665,188.66666666666666,0.7555555555555554,2026-05-25 13:35:10+00:00,5,2,0.40016925890375277,0.002903408020723762,0.0018889514139397608
1779716110,frontend,currencyservice,0.00991571729957806,8077.588888888888,74.66666666666666,2026-05-25 13:35:10+00:00,5,3,0.04026687773298544,0.12430672986630284,0.18667284561287048
1779716110,frontend,productcatalogservice,0.008991713574823808,12292.697421013925,56.00825769130154,2026-05-25 13:35:10+00:00,5,7,0.0365145778352175,0.18917340788958728,0.14002527912126161
1779716110,frontend,recommendationservice,0.02430833333333333,1070.3999999999999,7.222222222222221,2026-05-25 13:35:10+00:00,5,8,0.09871405735494689,0.01647248027588011,0.01805615322148301
1779716110,frontend,shippingservice,0.009799999999999996,408.4722222222222,3.666666666666666,2026-05-25 13:35:10+00:00,5,9,0.03979695970154868,0.006286015156764269,0.009166970097060604
1779716110,recommendationservice,productcatalogservice,0.008967029082078385,6143.154563941579,7.420354493358802,2026-05-25 13:35:10+00:00,8,7,0.03641433622674375,0.09453754894077968,0.018551500295511666
1779716125,checkoutservice,cartservice,0.016299999999999926,161.2111111111111,1.0222222222222221,2026-05-25 13:35:25+00:00,2,1,0.06619290236073885,0.0024808920478610755,0.002555640148271441
1779716125,checkoutservice,currencyservice,0.009266666666666666,203.9444444444444,1.8666666666666665,2026-05-25 13:35:25+00:00,2,3,0.037631138765409994,0.0031385190942511566,0.004666821140321763
1779716125,checkoutservice,emailservice,0.009637499999999998,123.13888888888887,0.5999999999999999,2026-05-25 13:35:25+00:00,2,4,0.03913706113506893,0.001894995252630806,0.0015000496522462807
1779716125,checkoutservice,paymentservice,0.020200000000000034,93.55555555555554,0.6222222222222221,2026-05-25 13:35:25+00:00,2,6,0.08203046795625357,0.0014397347193459407,0.0015556070467739208
1779716125,checkoutservice,productcatalogservice,0.0049512,230.12777777777774,1.333333333333333,2026-05-25 13:35:25+00:00,2,7,0.020106398660643666,0.003541456726809198,0.0033334436716584014
1779716125,checkoutservice,shippingservice,0.009133333333333337,148.8222222222222,1.0222222222222221,2026-05-25 13:35:25+00:00,2,9,0.03708968353137533,0.0022902383409643145,0.002555640148271441
1779716125,frontend,adservice,0.011349999999999855,1171.4611111111108,8.222222222222221,2026-05-25 13:35:25+00:00,5,0,0.04609137679720122,0.01802771865352987,0.02055623597522681
1779716125,frontend,cartservice,0.01791785714285714,1852.3111111111107,14.955555555555554,2026-05-25 13:35:25+00:00,5,1,0.07276288149514205,0.02850537952407637,0.03739012651710174
1779716125,frontend,checkoutservice,0.09903846153846155,137.83333333333331,0.4888888888888888,2026-05-25 13:35:25+00:00,5,2,0.4021867002805648,0.0021211293578962463,0.0012222626796080805
1779716125,frontend,currencyservice,0.009848640167364014,8266.433333333332,80.82222222222221,2026-05-25 13:35:25+00:00,5,3,0.03999448325057546,0.1272128737249731,0.20206224389702676
1779716125,frontend,productcatalogservice,0.00888084112149531,12645.599999999999,57.02222222222221,2026-05-25 13:35:25+00:00,5,7,0.036064334308980144,0.19460425689150743,0.14256027435792432
1779716125,frontend,recommendationservice,0.024706617647058823,1081.3444444444442,7.466666666666666,2026-05-25 13:35:25+00:00,5,8,0.10033145580220121,0.016640905299461554,0.01866728456128705
1779716125,frontend,shippingservice,0.009590909090909082,478.32222222222214,4.177777777777777,2026-05-25 13:35:25+00:00,5,9,0.0389478594481761,0.00736094298493152,0.010444790171196325
1779716125,recommendationservice,productcatalogservice,0.009479166666666667,5717.094444444444,7.333333333333332,2026-05-25 13:35:25+00:00,8,7,0.03849408304465276,0.08798087207721868,0.01833394019412121
1779716140,checkoutservice,cartservice,0.014799999999999987,184.68888888888887,1.5111111111111108,2026-05-25 13:35:40+00:00,2,1,0.060101530977849,0.002842193646670811,0.0037779028278795215
1779716140,checkoutservice,currencyservice,0.008762500000000013,197.73888888888888,2.711111111111111,2026-05-25 13:35:40+00:00,2,3,0.03558376116171643,0.0030430212509311204,0.006778002132372084
1779716140,checkoutservice,emailservice,0.009778571428571426,142.91666666666666,0.7555555555555554,2026-05-25 13:35:40+00:00,2,4,0.03970994011036454,0.002199357224178998,0.0018889514139397608
