timestamp,src_service,dst_service,network_latency_seconds,payload_size_bytes,edge_request_rate_rps,edge_error_rate_ratio,time,src_id,dst_id,network_latency_seconds_norm,payload_size_bytes_norm,edge_request_rate_rps_norm,edge_error_rate_ratio_norm
1779853829,checkoutservice,cartservice,0.0,0.0,0.0,0.0,2026-05-27 03:50:29+00:00,2,1,0.0,0.0,0.0,0.0
1779853829,checkoutservice,currencyservice,0.0,0.0,0.0,0.0,2026-05-27 03:50:29+00:00,2,3,0.0,0.0,0.0,0.0
1779853829,checkoutservice,emailservice,0.0,0.0,0.0,0.0,2026-05-27 03:50:29+00:00,2,4,0.0,0.0,0.0,0.0
1779853829,checkoutservice,paymentservice,0.0,0.0,0.0,0.0,2026-05-27 03:50:29+00:00,2,6,0.0,0.0,0.0,0.0
1779853829,checkoutservice,productcatalogservice,0.0,0.0,0.0,0.0,2026-05-27 03:50:29+00:00,2,7,0.0,0.0,0.0,0.0
1779853829,checkoutservice,shippingservice,0.0,0.0,0.0,0.0,2026-05-27 03:50:29+00:00,2,9,0.0,0.0,0.0,0.0
1779853829,frontend,adservice,0.0,0.0,0.0,0.0,2026-05-27 03:50:29+00:00,5,0,0.0,0.0,0.0,0.0
1779853829,frontend,cartservice,0.0,0.0,0.0,0.0,2026-05-27 03:50:29+00:00,5,1,0.0,0.0,0.0,0.0
1779853829,frontend,checkoutservice,0.0,0.0,0.0,0.0,2026-05-27 03:50:29+00:00,5,2,0.0,0.0,0.0,0.0
1779853829,frontend,currencyservice,0.0,0.0,0.0,0.0,2026-05-27 03:50:29+00:00,5,3,0.0,0.0,0.0,0.0
1779853829,frontend,productcatalogservice,0.0,0.0,0.0,0.0,2026-05-27 03:50:29+00:00,5,7,0.0,0.0,0.0,0.0
1779853829,frontend,recommendationservice,0.0,0.0,0.0,0.0,2026-05-27 03:50:29+00:00,5,8,0.0,0.0,0.0,0.0
1779853829,frontend,shippingservice,0.0,0.0,0.0,0.0,2026-05-27 03:50:29+00:00,5,9,0.0,0.0,0.0,0.0
1779853829,recommendationservice,productcatalogservice,0.0,0.0,0.0,0.0,2026-05-27 03:50:29+00:00,8,7,0.0,0.0,0.0,0.0
1779853844,checkoutservice,cartservice,0.0,0.0,0.0,0.0,2026-05-27 03:50:44+00:00,2,1,0.0,0.0,0.0,0.0
1779853844,checkoutservice,currencyservice,0.0,0.0,0.0,0.0,2026-05-27 03:50:44+00:00,2,3,0.0,0.0,0.0,0.0
1779853844,checkoutservice,emailservice,0.0,0.0,0.0,0.0,2026-05-27 03:50:44+00:00,2,4,0.0,0.0,0.0,0.0
1779853844,checkoutservice,paymentservice,0.0,0.0,0.0,0.0,2026-05-27 03:50:44+00:00,2,6,0.0,0.0,0.0,0.0
1779853844,checkoutservice,productcatalogservice,0.0,0.0,0.0,0.0,2026-05-27 03:50:44+00:00,2,7,0.0,0.0,0.0,0.0
1779853844,checkoutservice,shippingservice,0.0,0.0,0.0,0.0,2026-05-27 03:50:44+00:00,2,9,0.0,0.0,0.0,0.0
1779853844,frontend,adservice,0.0,0.0,0.0,0.0,2026-05-27 03:50:44+00:00,5,0,0.0,0.0,0.0,0.0
1779853844,frontend,cartservice,0.0,0.0,0.0,0.0,2026-05-27 03:50:44+00:00,5,1,0.0,0.0,0.0,0.0
1779853844,frontend,checkoutservice,0.0,0.0,0.0,0.0,2026-05-27 03:50:44+00:00,5,2,0.0,0.0,0.0,0.0
1779853844,frontend,currencyservice,0.0,0.0,0.0,0.0,2026-05-27 03:50:44+00:00,5,3,0.0,0.0,0.0,0.0
1779853844,frontend,productcatalogservice,0.0,0.0,0.0,0.0,2026-05-27 03:50:44+00:00,5,7,0.0,0.0,0.0,0.0
1779853844,frontend,recommendationservice,0.0,0.0,0.0,0.0,2026-05-27 03:50:44+00:00,5,8,0.0,0.0,0.0,0.0
1779853844,frontend,shippingservice,0.0,0.0,0.0,0.0,2026-05-27 03:50:44+00:00,5,9,0.0,0.0,0.0,0.0
1779853844,recommendationservice,productcatalogservice,0.0,0.0,0.0,0.0,2026-05-27 03:50:44+00:00,8,7,0.0,0.0,0.0,0.0
1779853859,checkoutservice,cartservice,0.0,0.0,0.0,0.0,2026-05-27 03:50:59+00:00,2,1,0.0,0.0,0.0,0.0
1779853859,checkoutservice,currencyservice,0.0,0.0,0.0,0.0,2026-05-27 03:50:59+00:00,2,3,0.0,0.0,0.0,0.0
1779853859,checkoutservice,emailservice,0.0,0.0,0.0,0.0,2026-05-27 03:50:59+00:00,2,4,0.0,0.0,0.0,0.0
1779853859,checkoutservice,paymentservice,0.0,0.0,0.0,0.0,2026-05-27 03:50:59+00:00,2,6,0.0,0.0,0.0,0.0
1779853859,checkoutservice,productcatalogservice,0.0,0.0,0.0,0.0,2026-05-27 03:50:59+00:00,2,7,0.0,0.0,0.0,0.0
1779853859,checkoutservice,shippingservice,0.0,0.0,0.0,0.0,2026-05-27 03:50:59+00:00,2,9,0.0,0.0,0.0,0.0
1779853859,frontend,adservice,0.0,0.0,0.0,0.0,2026-05-27 03:50:59+00:00,5,0,0.0,0.0,0.0,0.0
1779853859,frontend,cartservice,0.0,0.0,0.0,0.0,2026-05-27 03:50:59+00:00,5,1,0.0,0.0,0.0,0.0
1779853859,frontend,checkoutservice,0.0,0.0,0.0,0.0,2026-05-27 03:50:59+00:00,5,2,0.0,0.0,0.0,0.0
1779853859,frontend,currencyservice,0.0,0.0,0.0,0.0,2026-05-27 03:50:59+00:00,5,3,0.0,0.0,0.0,0.0
1779853859,frontend,productcatalogservice,0.0,0.0,0.0,0.0,2026-05-27 03:50:59+00:00,5,7,0.0,0.0,0.0,0.0
1779853859,frontend,recommendationservice,0.0,0.0,0.0,0.0,2026-05-27 03:50:59+00:00,5,8,0.0,0.0,0.0,0.0
1779853859,frontend,shippingservice,0.0,0.0,0.0,0.0,2026-05-27 03:50:59+00:00,5,9,0.0,0.0,0.0,0.0
1779853859,recommendationservice,productcatalogservice,0.0,0.0,0.0,0.0,2026-05-27 03:50:59+00:00,8,7,0.0,0.0,0.0,0.0
1779853874,checkoutservice,cartservice,0.0,0.0,0.0,0.0,2026-05-27 03:51:14+00:00,2,1,0.0,0.0,0.0,0.0
1779853874,checkoutservice,currencyservice,0.0,0.0,0.0,0.0,2026-05-27 03:51:14+00:00,2,3,0.0,0.0,0.0,0.0
1779853874,checkoutservice,emailservice,0.0,0.0,0.0,0.0,2026-05-27 03:51:14+00:00,2,4,0.0,0.0,0.0,0.0
1779853874,checkoutservice,paymentservice,0.0,0.0,0.0,0.0,2026-05-27 03:51:14+00:00,2,6,0.0,0.0,0.0,0.0
1779853874,checkoutservice,productcatalogservice,0.0,0.0,0.0,0.0,2026-05-27 03:51:14+00:00,2,7,0.0,0.0,0.0,0.0
1779853874,checkoutservice,shippingservice,0.0,0.0,0.0,0.0,2026-05-27 03:51:14+00:00,2,9,0.0,0.0,0.0,0.0
1779853874,frontend,adservice,0.0,0.0,0.0,0.0,2026-05-27 03:51:14+00:00,5,0,0.0,0.0,0.0,0.0
1779853874,frontend,cartservice,0.0,0.0,0.0,0.0,2026-05-27 03:51:14+00:00,5,1,0.0,0.0,0.0,0.0
1779853874,frontend,checkoutservice,0.0,0.0,0.0,0.0,2026-05-27 03:51:14+00:00,5,2,0.0,0.0,0.0,0.0
1779853874,frontend,currencyservice,0.0,0.0,0.0,0.0,2026-05-27 03:51:14+00:00,5,3,0.0,0.0,0.0,0.0
1779853874,frontend,productcatalogservice,0.0,0.0,0.0,0.0,2026-05-27 03:51:14+00:00,5,7,0.0,0.0,0.0,0.0
1779853874,frontend,recommendationservice,0.0,0.0,0.0,0.0,2026-05-27 03:51:14+00:00,5,8,0.0,0.0,0.0,0.0
1779853874,frontend,shippingservice,0.0,0.0,0.0,0.0,2026-05-27 03:51:14+00:00,5,9,0.0,0.0,0.0,0.0
1779853874,recommendationservice,productcatalogservice,0.0,0.0,0.0,0.0,2026-05-27 03:51:14+00:00,8,7,0.0,0.0,0.0,0.0
1779853889,checkoutservice,cartservice,0.0,0.0,0.0,0.0,2026-05-27 03:51:29+00:00,2,1,0.0,0.0,0.0,0.0
1779853889,checkoutservice,currencyservice,0.0,0.0,0.0,0.0,2026-05-27 03:51:29+00:00,2,3,0.0,0.0,0.0,0.0
1779853889,checkoutservice,emailservice,0.0,0.0,0.0,0.0,2026-05-27 03:51:29+00:00,2,4,0.0,0.0,0.0,0.0
1779853889,checkoutservice,paymentservice,0.0,0.0,0.0,0.0,2026-05-27 03:51:29+00:00,2,6,0.0,0.0,0.0,0.0
1779853889,checkoutservice,productcatalogservice,0.0,0.0,0.0,0.0,2026-05-27 03:51:29+00:00,2,7,0.0,0.0,0.0,0.0
1779853889,checkoutservice,shippingservice,0.0,0.0,0.0,0.0,2026-05-27 03:51:29+00:00,2,9,0.0,0.0,0.0,0.0
1779853889,frontend,adservice,0.0,0.0,0.0,0.0,2026-05-27 03:51:29+00:00,5,0,0.0,0.0,0.0,0.0
1779853889,frontend,cartservice,0.0,0.0,0.0,0.0,2026-05-27 03:51:29+00:00,5,1,0.0,0.0,0.0,0.0
1779853889,frontend,checkoutservice,0.0,0.0,0.0,0.0,2026-05-27 03:51:29+00:00,5,2,0.0,0.0,0.0,0.0
1779853889,frontend,currencyservice,0.0,0.0,0.0,0.0,2026-05-27 03:51:29+00:00,5,3,0.0,0.0,0.0,0.0
1779853889,frontend,productcatalogservice,0.0,0.0,0.0,0.0,2026-05-27 03:51:29+00:00,5,7,0.0,0.0,0.0,0.0
1779853889,frontend,recommendationservice,0.0,0.0,0.0,0.0,2026-05-27 03:51:29+00:00,5,8,0.0,0.0,0.0,0.0
1779853889,frontend,shippingservice,0.0,0.0,0.0,0.0,2026-05-27 03:51:29+00:00,5,9,0.0,0.0,0.0,0.0
1779853889,recommendationservice,productcatalogservice,0.0,0.0,0.0,0.0,2026-05-27 03:51:29+00:00,8,7,0.0,0.0,0.0,0.0
1779853904,checkoutservice,cartservice,0.0,0.0,0.0,0.0,2026-05-27 03:51:44+00:00,2,1,0.0,0.0,0.0,0.0
1779853904,checkoutservice,currencyservice,0.0,0.0,0.0,0.0,2026-05-27 03:51:44+00:00,2,3,0.0,0.0,0.0,0.0
1779853904,checkoutservice,emailservice,0.0,0.0,0.0,0.0,2026-05-27 03:51:44+00:00,2,4,0.0,0.0,0.0,0.0
1779853904,checkoutservice,paymentservice,0.0,0.0,0.0,0.0,2026-05-27 03:51:44+00:00,2,6,0.0,0.0,0.0,0.0
1779853904,checkoutservice,productcatalogservice,0.0,0.0,0.0,0.0,2026-05-27 03:51:44+00:00,2,7,0.0,0.0,0.0,0.0
1779853904,checkoutservice,shippingservice,0.0,0.0,0.0,0.0,2026-05-27 03:51:44+00:00,2,9,0.0,0.0,0.0,0.0
1779853904,frontend,adservice,0.0,0.0,0.0,0.0,2026-05-27 03:51:44+00:00,5,0,0.0,0.0,0.0,0.0
1779853904,frontend,cartservice,0.0,0.0,0.0,0.0,2026-05-27 03:51:44+00:00,5,1,0.0,0.0,0.0,0.0
1779853904,frontend,checkoutservice,0.0,0.0,0.0,0.0,2026-05-27 03:51:44+00:00,5,2,0.0,0.0,0.0,0.0
1779853904,frontend,currencyservice,0.0,0.0,0.0,0.0,2026-05-27 03:51:44+00:00,5,3,0.0,0.0,0.0,0.0
1779853904,frontend,productcatalogservice,0.0,0.0,0.0,0.0,2026-05-27 03:51:44+00:00,5,7,0.0,0.0,0.0,0.0
1779853904,frontend,recommendationservice,0.0,0.0,0.0,0.0,2026-05-27 03:51:44+00:00,5,8,0.0,0.0,0.0,0.0
1779853904,frontend,shippingservice,0.0,0.0,0.0,0.0,2026-05-27 03:51:44+00:00,5,9,0.0,0.0,0.0,0.0
1779853904,recommendationservice,productcatalogservice,0.0,0.0,0.0,0.0,2026-05-27 03:51:44+00:00,8,7,0.0,0.0,0.0,0.0
1779853919,checkoutservice,cartservice,0.0,0.0,0.0,0.0,2026-05-27 03:51:59+00:00,2,1,0.0,0.0,0.0,0.0
1779853919,checkoutservice,currencyservice,0.0,0.0,0.0,0.0,2026-05-27 03:51:59+00:00,2,3,0.0,0.0,0.0,0.0
1779853919,checkoutservice,emailservice,0.0,0.0,0.0,0.0,2026-05-27 03:51:59+00:00,2,4,0.0,0.0,0.0,0.0
1779853919,checkoutservice,paymentservice,0.0,0.0,0.0,0.0,2026-05-27 03:51:59+00:00,2,6,0.0,0.0,0.0,0.0
1779853919,checkoutservice,productcatalogservice,0.0,0.0,0.0,0.0,2026-05-27 03:51:59+00:00,2,7,0.0,0.0,0.0,0.0
1779853919,checkoutservice,shippingservice,0.0,0.0,0.0,0.0,2026-05-27 03:51:59+00:00,2,9,0.0,0.0,0.0,0.0
1779853919,frontend,adservice,0.0,0.0,0.0,0.0,2026-05-27 03:51:59+00:00,5,0,0.0,0.0,0.0,0.0
1779853919,frontend,cartservice,0.0,0.0,0.0,0.0,2026-05-27 03:51:59+00:00,5,1,0.0,0.0,0.0,0.0
1779853919,frontend,checkoutservice,0.0,0.0,0.0,0.0,2026-05-27 03:51:59+00:00,5,2,0.0,0.0,0.0,0.0
1779853919,frontend,currencyservice,0.0,0.0,0.0,0.0,2026-05-27 03:51:59+00:00,5,3,0.0,0.0,0.0,0.0
1779853919,frontend,productcatalogservice,0.0,0.0,0.0,0.0,2026-05-27 03:51:59+00:00,5,7,0.0,0.0,0.0,0.0
1779853919,frontend,recommendationservice,0.0,0.0,0.0,0.0,2026-05-27 03:51:59+00:00,5,8,0.0,0.0,0.0,0.0
1779853919,frontend,shippingservice,0.0,0.0,0.0,0.0,2026-05-27 03:51:59+00:00,5,9,0.0,0.0,0.0,0.0
1779853919,recommendationservice,productcatalogservice,0.0,0.0,0.0,0.0,2026-05-27 03:51:59+00:00,8,7,0.0,0.0,0.0,0.0
1779853934,checkoutservice,cartservice,0.0,0.0,0.0,0.0,2026-05-27 03:52:14+00:00,2,1,0.0,0.0,0.0,0.0
1779853934,checkoutservice,currencyservice,0.0,0.0,0.0,0.0,2026-05-27 03:52:14+00:00,2,3,0.0,0.0,0.0,0.0
1779853934,checkoutservice,emailservice,0.0,0.0,0.0,0.0,2026-05-27 03:52:14+00:00,2,4,0.0,0.0,0.0,0.0
1779853934,checkoutservice,paymentservice,0.0,0.0,0.0,0.0,2026-05-27 03:52:14+00:00,2,6,0.0,0.0,0.0,0.0
1779853934,checkoutservice,productcatalogservice,0.0,0.0,0.0,0.0,2026-05-27 03:52:14+00:00,2,7,0.0,0.0,0.0,0.0
1779853934,checkoutservice,shippingservice,0.0,0.0,0.0,0.0,2026-05-27 03:52:14+00:00,2,9,0.0,0.0,0.0,0.0
1779853934,frontend,adservice,0.0,0.0,0.0,0.0,2026-05-27 03:52:14+00:00,5,0,0.0,0.0,0.0,0.0
1779853934,frontend,cartservice,0.0,0.0,0.0,0.0,2026-05-27 03:52:14+00:00,5,1,0.0,0.0,0.0,0.0
1779853934,frontend,checkoutservice,0.0,0.0,0.0,0.0,2026-05-27 03:52:14+00:00,5,2,0.0,0.0,0.0,0.0
1779853934,frontend,currencyservice,0.0,0.0,0.0,0.0,2026-05-27 03:52:14+00:00,5,3,0.0,0.0,0.0,0.0
1779853934,frontend,productcatalogservice,0.0,0.0,0.0,0.0,2026-05-27 03:52:14+00:00,5,7,0.0,0.0,0.0,0.0
1779853934,frontend,recommendationservice,0.0,0.0,0.0,0.0,2026-05-27 03:52:14+00:00,5,8,0.0,0.0,0.0,0.0
1779853934,frontend,shippingservice,0.0,0.0,0.0,0.0,2026-05-27 03:52:14+00:00,5,9,0.0,0.0,0.0,0.0
1779853934,recommendationservice,productcatalogservice,0.0,0.0,0.0,0.0,2026-05-27 03:52:14+00:00,8,7,0.0,0.0,0.0,0.0
1779853949,checkoutservice,cartservice,0.0,0.0,0.0,0.0,2026-05-27 03:52:29+00:00,2,1,0.0,0.0,0.0,0.0
1779853949,checkoutservice,currencyservice,0.0,0.0,0.0,0.0,2026-05-27 03:52:29+00:00,2,3,0.0,0.0,0.0,0.0
1779853949,checkoutservice,emailservice,0.0,0.0,0.0,0.0,2026-05-27 03:52:29+00:00,2,4,0.0,0.0,0.0,0.0
1779853949,checkoutservice,paymentservice,0.0,0.0,0.0,0.0,2026-05-27 03:52:29+00:00,2,6,0.0,0.0,0.0,0.0
1779853949,checkoutservice,productcatalogservice,0.0,0.0,0.0,0.0,2026-05-27 03:52:29+00:00,2,7,0.0,0.0,0.0,0.0
1779853949,checkoutservice,shippingservice,0.0,0.0,0.0,0.0,2026-05-27 03:52:29+00:00,2,9,0.0,0.0,0.0,0.0
1779853949,frontend,adservice,0.0,0.0,0.0,0.0,2026-05-27 03:52:29+00:00,5,0,0.0,0.0,0.0,0.0
1779853949,frontend,cartservice,0.0,0.0,0.0,0.0,2026-05-27 03:52:29+00:00,5,1,0.0,0.0,0.0,0.0
1779853949,frontend,checkoutservice,0.0,0.0,0.0,0.0,2026-05-27 03:52:29+00:00,5,2,0.0,0.0,0.0,0.0
1779853949,frontend,currencyservice,0.0,0.0,0.0,0.0,2026-05-27 03:52:29+00:00,5,3,0.0,0.0,0.0,0.0
1779853949,frontend,productcatalogservice,0.0,0.0,0.0,0.0,2026-05-27 03:52:29+00:00,5,7,0.0,0.0,0.0,0.0
1779853949,frontend,recommendationservice,0.0,0.0,0.0,0.0,2026-05-27 03:52:29+00:00,5,8,0.0,0.0,0.0,0.0
1779853949,frontend,shippingservice,0.0,0.0,0.0,0.0,2026-05-27 03:52:29+00:00,5,9,0.0,0.0,0.0,0.0
1779853949,recommendationservice,productcatalogservice,0.0,0.0,0.0,0.0,2026-05-27 03:52:29+00:00,8,7,0.0,0.0,0.0,0.0
1779853964,checkoutservice,cartservice,0.0,0.0,0.0,0.0,2026-05-27 03:52:44+00:00,2,1,0.0,0.0,0.0,0.0
1779853964,checkoutservice,currencyservice,0.0,0.0,0.0,0.0,2026-05-27 03:52:44+00:00,2,3,0.0,0.0,0.0,0.0
1779853964,checkoutservice,emailservice,0.0,0.0,0.0,0.0,2026-05-27 03:52:44+00:00,2,4,0.0,0.0,0.0,0.0
1779853964,checkoutservice,paymentservice,0.0,0.0,0.0,0.0,2026-05-27 03:52:44+00:00,2,6,0.0,0.0,0.0,0.0
1779853964,checkoutservice,productcatalogservice,0.0,0.0,0.0,0.0,2026-05-27 03:52:44+00:00,2,7,0.0,0.0,0.0,0.0
1779853964,checkoutservice,shippingservice,0.0,0.0,0.0,0.0,2026-05-27 03:52:44+00:00,2,9,0.0,0.0,0.0,0.0
1779853964,frontend,adservice,0.0,0.0,0.0,0.0,2026-05-27 03:52:44+00:00,5,0,0.0,0.0,0.0,0.0
1779853964,frontend,cartservice,0.0,0.0,0.0,0.0,2026-05-27 03:52:44+00:00,5,1,0.0,0.0,0.0,0.0
1779853964,frontend,checkoutservice,0.0,0.0,0.0,0.0,2026-05-27 03:52:44+00:00,5,2,0.0,0.0,0.0,0.0
1779853964,frontend,currencyservice,0.0,0.0,0.0,0.0,2026-05-27 03:52:44+00:00,5,3,0.0,0.0,0.0,0.0
1779853964,frontend,productcatalogservice,0.0,0.0,0.0,0.0,2026-05-27 03:52:44+00:00,5,7,0.0,0.0,0.0,0.0
1779853964,frontend,recommendationservice,0.0,0.0,0.0,0.0,2026-05-27 03:52:44+00:00,5,8,0.0,0.0,0.0,0.0
1779853964,frontend,shippingservice,0.0,0.0,0.0,0.0,2026-05-27 03:52:44+00:00,5,9,0.0,0.0,0.0,0.0
1779853964,recommendationservice,productcatalogservice,0.0,0.0,0.0,0.0,2026-05-27 03:52:44+00:00,8,7,0.0,0.0,0.0,0.0
1779853979,checkoutservice,cartservice,0.0,0.0,0.0,0.0,2026-05-27 03:52:59+00:00,2,1,0.0,0.0,0.0,0.0
1779853979,checkoutservice,currencyservice,0.0,0.0,0.0,0.0,2026-05-27 03:52:59+00:00,2,3,0.0,0.0,0.0,0.0
1779853979,checkoutservice,emailservice,0.0,0.0,0.0,0.0,2026-05-27 03:52:59+00:00,2,4,0.0,0.0,0.0,0.0
1779853979,checkoutservice,paymentservice,0.0,0.0,0.0,0.0,2026-05-27 03:52:59+00:00,2,6,0.0,0.0,0.0,0.0
1779853979,checkoutservice,productcatalogservice,0.0,0.0,0.0,0.0,2026-05-27 03:52:59+00:00,2,7,0.0,0.0,0.0,0.0
1779853979,checkoutservice,shippingservice,0.0,0.0,0.0,0.0,2026-05-27 03:52:59+00:00,2,9,0.0,0.0,0.0,0.0
1779853979,frontend,adservice,0.0,0.0,0.0,0.0,2026-05-27 03:52:59+00:00,5,0,0.0,0.0,0.0,0.0
1779853979,frontend,cartservice,0.0,0.0,0.0,0.0,2026-05-27 03:52:59+00:00,5,1,0.0,0.0,0.0,0.0
1779853979,frontend,checkoutservice,0.0,0.0,0.0,0.0,2026-05-27 03:52:59+00:00,5,2,0.0,0.0,0.0,0.0
1779853979,frontend,currencyservice,0.0,0.0,0.0,0.0,2026-05-27 03:52:59+00:00,5,3,0.0,0.0,0.0,0.0
1779853979,frontend,productcatalogservice,0.0,0.0,0.0,0.0,2026-05-27 03:52:59+00:00,5,7,0.0,0.0,0.0,0.0
1779853979,frontend,recommendationservice,0.0,0.0,0.0,0.0,2026-05-27 03:52:59+00:00,5,8,0.0,0.0,0.0,0.0
1779853979,frontend,shippingservice,0.0,0.0,0.0,0.0,2026-05-27 03:52:59+00:00,5,9,0.0,0.0,0.0,0.0
1779853979,recommendationservice,productcatalogservice,0.0,0.0,0.0,0.0,2026-05-27 03:52:59+00:00,8,7,0.0,0.0,0.0,0.0
1779853994,checkoutservice,cartservice,0.0,0.0,0.0,0.0,2026-05-27 03:53:14+00:00,2,1,0.0,0.0,0.0,0.0
1779853994,checkoutservice,currencyservice,0.0,0.0,0.0,0.0,2026-05-27 03:53:14+00:00,2,3,0.0,0.0,0.0,0.0
1779853994,checkoutservice,emailservice,0.0,0.0,0.0,0.0,2026-05-27 03:53:14+00:00,2,4,0.0,0.0,0.0,0.0
1779853994,checkoutservice,paymentservice,0.0,0.0,0.0,0.0,2026-05-27 03:53:14+00:00,2,6,0.0,0.0,0.0,0.0
1779853994,checkoutservice,productcatalogservice,0.0,0.0,0.0,0.0,2026-05-27 03:53:14+00:00,2,7,0.0,0.0,0.0,0.0
1779853994,checkoutservice,shippingservice,0.0,0.0,0.0,0.0,2026-05-27 03:53:14+00:00,2,9,0.0,0.0,0.0,0.0
1779853994,frontend,adservice,0.0,0.0,0.0,0.0,2026-05-27 03:53:14+00:00,5,0,0.0,0.0,0.0,0.0
1779853994,frontend,cartservice,0.0,0.0,0.0,0.0,2026-05-27 03:53:14+00:00,5,1,0.0,0.0,0.0,0.0
1779853994,frontend,checkoutservice,0.0,0.0,0.0,0.0,2026-05-27 03:53:14+00:00,5,2,0.0,0.0,0.0,0.0
1779853994,frontend,currencyservice,0.0,0.0,0.0,0.0,2026-05-27 03:53:14+00:00,5,3,0.0,0.0,0.0,0.0
1779853994,frontend,productcatalogservice,0.0,0.0,0.0,0.0,2026-05-27 03:53:14+00:00,5,7,0.0,0.0,0.0,0.0
1779853994,frontend,recommendationservice,0.0,0.0,0.0,0.0,2026-05-27 03:53:14+00:00,5,8,0.0,0.0,0.0,0.0
1779853994,frontend,shippingservice,0.0,0.0,0.0,0.0,2026-05-27 03:53:14+00:00,5,9,0.0,0.0,0.0,0.0
1779853994,recommendationservice,productcatalogservice,0.0,0.0,0.0,0.0,2026-05-27 03:53:14+00:00,8,7,0.0,0.0,0.0,0.0
1779854009,checkoutservice,cartservice,0.0,0.0,0.0,0.0,2026-05-27 03:53:29+00:00,2,1,0.0,0.0,0.0,0.0
1779854009,checkoutservice,currencyservice,0.0,0.0,0.0,0.0,2026-05-27 03:53:29+00:00,2,3,0.0,0.0,0.0,0.0
1779854009,checkoutservice,emailservice,0.0,0.0,0.0,0.0,2026-05-27 03:53:29+00:00,2,4,0.0,0.0,0.0,0.0
1779854009,checkoutservice,paymentservice,0.0,0.0,0.0,0.0,2026-05-27 03:53:29+00:00,2,6,0.0,0.0,0.0,0.0
1779854009,checkoutservice,productcatalogservice,0.0,0.0,0.0,0.0,2026-05-27 03:53:29+00:00,2,7,0.0,0.0,0.0,0.0
1779854009,checkoutservice,shippingservice,0.0,0.0,0.0,0.0,2026-05-27 03:53:29+00:00,2,9,0.0,0.0,0.0,0.0
1779854009,frontend,adservice,0.0,0.0,0.0,0.0,2026-05-27 03:53:29+00:00,5,0,0.0,0.0,0.0,0.0
1779854009,frontend,cartservice,0.0,0.0,0.0,0.0,2026-05-27 03:53:29+00:00,5,1,0.0,0.0,0.0,0.0
1779854009,frontend,checkoutservice,0.0,0.0,0.0,0.0,2026-05-27 03:53:29+00:00,5,2,0.0,0.0,0.0,0.0
1779854009,frontend,currencyservice,0.0,0.0,0.0,0.0,2026-05-27 03:53:29+00:00,5,3,0.0,0.0,0.0,0.0
1779854009,frontend,productcatalogservice,0.0,0.0,0.0,0.0,2026-05-27 03:53:29+00:00,5,7,0.0,0.0,0.0,0.0
1779854009,frontend,recommendationservice,0.0,0.0,0.0,0.0,2026-05-27 03:53:29+00:00,5,8,0.0,0.0,0.0,0.0
1779854009,frontend,shippingservice,0.0,0.0,0.0,0.0,2026-05-27 03:53:29+00:00,5,9,0.0,0.0,0.0,0.0
1779854009,recommendationservice,productcatalogservice,0.0,0.0,0.0,0.0,2026-05-27 03:53:29+00:00,8,7,0.0,0.0,0.0,0.0
1779854024,checkoutservice,cartservice,0.0,0.0,0.0,0.0,2026-05-27 03:53:44+00:00,2,1,0.0,0.0,0.0,0.0
1779854024,checkoutservice,currencyservice,0.0,0.0,0.0,0.0,2026-05-27 03:53:44+00:00,2,3,0.0,0.0,0.0,0.0
1779854024,checkoutservice,emailservice,0.0,0.0,0.0,0.0,2026-05-27 03:53:44+00:00,2,4,0.0,0.0,0.0,0.0
1779854024,checkoutservice,paymentservice,0.0,0.0,0.0,0.0,2026-05-27 03:53:44+00:00,2,6,0.0,0.0,0.0,0.0
1779854024,checkoutservice,productcatalogservice,0.0,0.0,0.0,0.0,2026-05-27 03:53:44+00:00,2,7,0.0,0.0,0.0,0.0
1779854024,checkoutservice,shippingservice,0.0,0.0,0.0,0.0,2026-05-27 03:53:44+00:00,2,9,0.0,0.0,0.0,0.0
1779854024,frontend,adservice,0.0,0.0,0.0,0.0,2026-05-27 03:53:44+00:00,5,0,0.0,0.0,0.0,0.0
1779854024,frontend,cartservice,0.0,0.0,0.0,0.0,2026-05-27 03:53:44+00:00,5,1,0.0,0.0,0.0,0.0
1779854024,frontend,checkoutservice,0.0,0.0,0.0,0.0,2026-05-27 03:53:44+00:00,5,2,0.0,0.0,0.0,0.0
1779854024,frontend,currencyservice,0.0,0.0,0.0,0.0,2026-05-27 03:53:44+00:00,5,3,0.0,0.0,0.0,0.0
1779854024,frontend,productcatalogservice,0.0,0.0,0.0,0.0,2026-05-27 03:53:44+00:00,5,7,0.0,0.0,0.0,0.0
1779854024,frontend,recommendationservice,0.0,0.0,0.0,0.0,2026-05-27 03:53:44+00:00,5,8,0.0,0.0,0.0,0.0
1779854024,frontend,shippingservice,0.0,0.0,0.0,0.0,2026-05-27 03:53:44+00:00,5,9,0.0,0.0,0.0,0.0
1779854024,recommendationservice,productcatalogservice,0.0,0.0,0.0,0.0,2026-05-27 03:53:44+00:00,8,7,0.0,0.0,0.0,0.0
1779854039,checkoutservice,cartservice,0.0,0.0,0.0,0.0,2026-05-27 03:53:59+00:00,2,1,0.0,0.0,0.0,0.0
1779854039,checkoutservice,currencyservice,0.0,0.0,0.0,0.0,2026-05-27 03:53:59+00:00,2,3,0.0,0.0,0.0,0.0
1779854039,checkoutservice,emailservice,0.0,0.0,0.0,0.0,2026-05-27 03:53:59+00:00,2,4,0.0,0.0,0.0,0.0
1779854039,checkoutservice,paymentservice,0.0,0.0,0.0,0.0,2026-05-27 03:53:59+00:00,2,6,0.0,0.0,0.0,0.0
1779854039,checkoutservice,productcatalogservice,0.0,0.0,0.0,0.0,2026-05-27 03:53:59+00:00,2,7,0.0,0.0,0.0,0.0
1779854039,checkoutservice,shippingservice,0.0,0.0,0.0,0.0,2026-05-27 03:53:59+00:00,2,9,0.0,0.0,0.0,0.0
1779854039,frontend,adservice,0.0,0.0,0.0,0.0,2026-05-27 03:53:59+00:00,5,0,0.0,0.0,0.0,0.0
1779854039,frontend,cartservice,0.0,0.0,0.0,0.0,2026-05-27 03:53:59+00:00,5,1,0.0,0.0,0.0,0.0
1779854039,frontend,checkoutservice,0.0,0.0,0.0,0.0,2026-05-27 03:53:59+00:00,5,2,0.0,0.0,0.0,0.0
1779854039,frontend,currencyservice,0.0,0.0,0.0,0.0,2026-05-27 03:53:59+00:00,5,3,0.0,0.0,0.0,0.0
1779854039,frontend,productcatalogservice,0.0,0.0,0.0,0.0,2026-05-27 03:53:59+00:00,5,7,0.0,0.0,0.0,0.0
1779854039,frontend,recommendationservice,0.0,0.0,0.0,0.0,2026-05-27 03:53:59+00:00,5,8,0.0,0.0,0.0,0.0
1779854039,frontend,shippingservice,0.0,0.0,0.0,0.0,2026-05-27 03:53:59+00:00,5,9,0.0,0.0,0.0,0.0
1779854039,recommendationservice,productcatalogservice,0.0,0.0,0.0,0.0,2026-05-27 03:53:59+00:00,8,7,0.0,0.0,0.0,0.0
1779854054,checkoutservice,cartservice,0.0,0.0,0.0,0.0,2026-05-27 03:54:14+00:00,2,1,0.0,0.0,0.0,0.0
1779854054,checkoutservice,currencyservice,0.0,0.0,0.0,0.0,2026-05-27 03:54:14+00:00,2,3,0.0,0.0,0.0,0.0
1779854054,checkoutservice,emailservice,0.0,0.0,0.0,0.0,2026-05-27 03:54:14+00:00,2,4,0.0,0.0,0.0,0.0
1779854054,checkoutservice,paymentservice,0.0,0.0,0.0,0.0,2026-05-27 03:54:14+00:00,2,6,0.0,0.0,0.0,0.0
1779854054,checkoutservice,productcatalogservice,0.0,0.0,0.0,0.0,2026-05-27 03:54:14+00:00,2,7,0.0,0.0,0.0,0.0
1779854054,checkoutservice,shippingservice,0.0,0.0,0.0,0.0,2026-05-27 03:54:14+00:00,2,9,0.0,0.0,0.0,0.0
1779854054,frontend,adservice,0.0,0.0,0.0,0.0,2026-05-27 03:54:14+00:00,5,0,0.0,0.0,0.0,0.0
1779854054,frontend,cartservice,0.0,0.0,0.0,0.0,2026-05-27 03:54:14+00:00,5,1,0.0,0.0,0.0,0.0
1779854054,frontend,checkoutservice,0.0,0.0,0.0,0.0,2026-05-27 03:54:14+00:00,5,2,0.0,0.0,0.0,0.0
1779854054,frontend,currencyservice,0.0,0.0,0.0,0.0,2026-05-27 03:54:14+00:00,5,3,0.0,0.0,0.0,0.0
1779854054,frontend,productcatalogservice,0.0,0.0,0.0,0.0,2026-05-27 03:54:14+00:00,5,7,0.0,0.0,0.0,0.0
1779854054,frontend,recommendationservice,0.0,0.0,0.0,0.0,2026-05-27 03:54:14+00:00,5,8,0.0,0.0,0.0,0.0
1779854054,frontend,shippingservice,0.0,0.0,0.0,0.0,2026-05-27 03:54:14+00:00,5,9,0.0,0.0,0.0,0.0
1779854054,recommendationservice,productcatalogservice,0.0,0.0,0.0,0.0,2026-05-27 03:54:14+00:00,8,7,0.0,0.0,0.0,0.0
1779854069,checkoutservice,cartservice,0.0,0.0,0.0222222222222222,0.0,2026-05-27 03:54:29+00:00,2,1,0.0,0.0,3.324490189429447e-05,0.0
1779854069,checkoutservice,currencyservice,0.0,0.0,0.0222222222222222,0.0,2026-05-27 03:54:29+00:00,2,3,0.0,0.0,3.324490189429447e-05,0.0
1779854069,checkoutservice,emailservice,0.0,0.0,0.0,0.0,2026-05-27 03:54:29+00:00,2,4,0.0,0.0,0.0,0.0
1779854069,checkoutservice,paymentservice,0.0,0.0,0.0444444444444444,0.0,2026-05-27 03:54:29+00:00,2,6,0.0,0.0,6.648980378858894e-05,0.0
1779854069,checkoutservice,productcatalogservice,0.0,0.0,0.0,0.0,2026-05-27 03:54:29+00:00,2,7,0.0,0.0,0.0,0.0
1779854069,checkoutservice,shippingservice,0.0,0.0,0.0444444444444444,0.0,2026-05-27 03:54:29+00:00,2,9,0.0,0.0,6.648980378858894e-05,0.0
1779854069,frontend,adservice,0.0,0.0,0.0888888888888888,0.0,2026-05-27 03:54:29+00:00,5,0,0.0,0.0,0.0001329796075771779,0.0
1779854069,frontend,cartservice,0.0,0.0,0.2888888888888888,0.0,2026-05-27 03:54:29+00:00,5,1,0.0,0.0,0.00043218372462582846,0.0
1779854069,frontend,checkoutservice,0.0,0.0,0.0222222222222222,0.0,2026-05-27 03:54:29+00:00,5,2,0.0,0.0,3.324490189429447e-05,0.0
1779854069,frontend,currencyservice,0.0,0.0,1.4,0.0,2026-05-27 03:54:29+00:00,5,3,0.0,0.0,0.002094428819340554,0.0
1779854069,frontend,productcatalogservice,0.0,0.0,0.8666666666666666,0.0,2026-05-27 03:54:29+00:00,5,7,0.0,0.0,0.0012965511738774857,0.0
1779854069,frontend,recommendationservice,0.0,0.0,0.1333333333333333,0.0,2026-05-27 03:54:29+00:00,5,8,0.0,0.0,0.000199469411365767,0.0
1779854069,frontend,shippingservice,0.0,0.0,0.0666666666666666,0.0,2026-05-27 03:54:29+00:00,5,9,0.0,0.0,9.973470568288342e-05,0.0
1779854069,recommendationservice,productcatalogservice,0.0,0.0,0.0,0.0,2026-05-27 03:54:29+00:00,8,7,0.0,0.0,0.0,0.0
1779854084,checkoutservice,cartservice,0.019600159985779,72.94094450863628,1.3332859301395432,0.0,2026-05-27 03:54:44+00:00,2,1,0.0016882136077329027,0.0006913391276732178,0.0019946231975039542,0.0
1779854084,checkoutservice,currencyservice,0.0096,21.177777777777777,0.6888888888888889,0.0,2026-05-27 03:54:44+00:00,2,3,0.0008268733850129199,0.00020072438756551383,0.0010305919587231297,0.0
1779854084,checkoutservice,emailservice,0.02305,34.55,0.5333333333333332,0.0,2026-05-27 03:54:44+00:00,2,4,0.0019853574504737296,0.00032746719996587894,0.000797877645463068,0.0
1779854084,checkoutservice,paymentservice,0.0216999999999999,64.56666666666666,0.7999999999999999,0.0,2026-05-27 03:54:44+00:00,2,6,0.0018690783807062791,0.0006119671648180487,0.001196816468194602,0.0
1779854084,checkoutservice,productcatalogservice,0.00496,11.488888888888887,0.2444355573329778,0.0,2026-05-27 03:54:44+00:00,2,7,0.0004272179155900086,0.0001088924536950374,0.00036568062553554216,0.0
1779854084,checkoutservice,shippingservice,0.00895,104.89999999999998,1.333333333333333,0.0,2026-05-27 03:54:44+00:00,2,9,0.0007708871662360034,0.0009942491831091374,0.00199469411365767,0.0
1779854084,frontend,adservice,0.0217374999999999,567.3,5.488888888888888,0.0,2026-05-27 03:54:44+00:00,5,0,0.0018723083548664859,0.005376907164707471,0.008211490767890742,0.0
1779854084,frontend,cartservice,0.0246107419101572,625.8099882479582,10.710720034762344,0.0,2026-05-27 03:54:44+00:00,5,1,0.002119788278221981,0.005931468728284761,0.016023457654781796,0.0
1779854084,frontend,checkoutservice,0.0988,121.7222222222222,0.7999999999999999,0.0,2026-05-27 03:54:44+00:00,5,2,0.008509905254091302,0.0011536913251732443,0.001196816468194602,0.0
1779854084,frontend,currencyservice,0.0233835106382978,1529.494444444444,36.08888888888889,0.0,2026-05-27 03:54:44+00:00,5,3,0.0020140836036432216,0.014496650161666852,0.05398972067633428,0.0
1779854084,frontend,productcatalogservice,0.0162035657574366,5056.626306960829,34.73091603901442,0.0,2026-05-27 03:54:44+00:00,5,7,0.00139565596532615,0.04792704075294547,0.05195816533872062,0.0
1779854084,frontend,recommendationservice,0.0861874999999999,677.0388888888888,6.177777777777777,0.0,2026-05-27 03:54:44+00:00,5,8,0.007423557278208433,0.006417019658826462,0.009242082726613872,0.0
1779854084,frontend,shippingservice,0.0171249999999999,209.73888888888888,3.2888888888888888,0.0,2026-05-27 03:54:44+00:00,5,9,0.0014750215331610595,0.001987919151039046,0.004920245480355587,0.0
1779854084,recommendationservice,productcatalogservice,0.0168005298940211,2840.1283954320243,4.688520073763025,0.0,2026-05-27 03:54:44+00:00,8,7,0.001447074064945831,0.026918925996981466,0.007014122544675699,0.0
1779854099,checkoutservice,cartservice,0.0226861571171719,260.27480226915924,2.797485839453211,0.0,2026-05-27 03:54:59+00:00,2,1,0.001954018700876133,0.0024669019021926015,0.004185096402748505,0.0
1779854099,checkoutservice,currencyservice,0.1344722666666664,149.55349479876037,2.154529124967924,0.0,2026-05-27 03:54:59+00:00,2,3,0.011582451909273593,0.0014174779793592388,0.0032232199224581475,0.0
1779854099,checkoutservice,emailservice,0.02264936,157.08311817769092,1.2883361954955488,0.0,2026-05-27 03:54:59+00:00,2,4,0.0019508492678725238,0.0014888442509857513,0.0019273774691753167,0.0
1779854099,checkoutservice,paymentservice,0.0164470133333333,170.71011132824066,1.5550028621622154,0.0,2026-05-27 03:54:59+00:00,2,6,0.0014166247487797845,0.0016180017992047018,0.002326316291906851,0.0
1779854099,checkoutservice,productcatalogservice,0.0097356228490151,132.3374541960035,1.0440042904822429,0.0,2026-05-27 03:54:59+00:00,2,7,0.0008385549396223171,0.0012543032004682497,0.0015618519096437119,0.0
1779854099,checkoutservice,shippingservice,0.0230456297743828,293.33796510136,2.843339057657764,0.0,2026-05-27 03:54:59+00:00,2,9,0.001984981031385254,0.0027802767605045174,0.004253693761082167,0.0
1779854099,frontend,adservice,0.022749819145637,1683.9283807201705,13.264801801914723,0.0,2026-05-27 03:54:59+00:00,5,0,0.0019595020797275623,0.015960385290231863,0.01984441655483622,0.0
1779854099,frontend,cartservice,0.0247891948591881,2228.116478544428,25.09523621901,0.0,2026-05-27 03:54:59+00:00,5,1,0.002135158902600181,0.021118236307576796,0.03754298997518102,0.0
1779854099,frontend,checkoutservice,0.239125,285.9652181799877,1.55484733771155,0.0,2026-05-27 03:54:59+00:00,5,2,0.02059646856158484,0.0027103973743858823,0.0023260836241271463,0.0
1779854099,frontend,currencyservice,0.0229234946320352,8050.404132506831,104.07590481903618,0.0,2026-05-27 03:54:59+00:00,5,3,0.0019744612086162964,0.07630226627686694,0.15569969603709558,0.0
1779854099,frontend,productcatalogservice,0.0184858538417305,16794.464042316635,87.0823291905659,0.0,2026-05-27 03:54:59+00:00,5,7,0.0015922354730172699,0.159179048187122,0.130276957080016,0.0
1779854099,frontend,recommendationservice,0.0652499999999999,1706.87280902765,13.854217910713263,0.0,2026-05-27 03:54:59+00:00,5,8,0.005620155038759682,0.0161778541091224,0.02072619518687281,0.0
1779854099,frontend,shippingservice,0.0189994257142857,593.459412561932,6.97704014752605,0.0,2026-05-27 03:54:59+00:00,5,9,0.0016364707764242638,0.005624847818380644,0.010437795684767591,0.0
1779854099,recommendationservice,productcatalogservice,0.0181219304342203,8813.305989073084,12.167245815893676,0.0,2026-05-27 03:54:59+00:00,8,7,0.0015608897876158744,0.08353310085916857,0.018202450206291777,0.0
1779854114,checkoutservice,cartservice,0.0227636363636363,399.5611111111111,3.888888888888888,0.0,2026-05-27 03:55:14+00:00,2,1,0.001960692193250327,0.0037870668095748477,0.005817857831501537,0.0
1779854114,checkoutservice,currencyservice,0.1420000000000006,312.9611111111111,3.355555555555555,0.0,2026-05-27 03:55:14+00:00,2,3,0.012230835486649492,0.0029662662446820805,0.00501998018603847,0.0
1779854114,checkoutservice,emailservice,0.0220750387480626,277.07835959084207,1.8666103741232067,0.0,2026-05-27 03:55:14+00:00,2,4,0.001901381459781447,0.0026261671370868883,0.0027924875443169268,0.0
1779854114,checkoutservice,paymentservice,0.02075,257.41666666666663,2.022222222222222,0.0,2026-05-27 03:55:14+00:00,2,6,0.0017872523686477176,0.0024398123026883743,0.0030252860723808,0.0
1779854114,checkoutservice,productcatalogservice,0.0095777955539754,281.3735371670666,1.7554805004987208,0.0,2026-05-27 03:55:14+00:00,2,7,0.0008249608573622222,0.002666877116080882,0.0026262349657392146,0.0
1779854114,checkoutservice,shippingservice,0.0148000000000002,446.9055555555555,3.911111111111111,0.0,2026-05-27 03:55:14+00:00,2,9,0.0012747631352282688,0.0042358006057011096,0.005851102733395833,0.0
1779854114,frontend,adservice,0.022142615924146,2942.3529384756657,22.019479249977785,0.0,2026-05-27 03:55:14+00:00,5,0,0.001907202060649957,0.027887817020955205,0.03294159423430343,0.0
1779854114,frontend,cartservice,0.0249952702702702,3883.877777777777,39.2,0.0,2026-05-27 03:55:14+00:00,5,1,0.0021529087226761583,0.036811652124416464,0.058644006941535515,0.0
1779854114,frontend,checkoutservice,0.2400769230769231,434.2777777777777,2.022222222222222,0.0,2026-05-27 03:55:14+00:00,5,2,0.02067846021334394,0.00411611368730226,0.0030252860723808,0.0
1779854114,frontend,currencyservice,0.0239528541226215,15481.12222222222,170.71111111111108,0.0,2026-05-27 03:55:14+00:00,5,3,0.0020631226634471576,0.14673110698815214,0.25538733635197036,0.0
1779854114,frontend,productcatalogservice,0.0205989288936842,28704.391806654217,137.3277239554015,0.0,2026-05-27 03:55:14+00:00,5,7,0.0017742402147876142,0.2720621363718835,0.20544510196188362,0.0
1779854114,frontend,recommendationservice,0.0632916666666665,2733.55,20.555555555555557,0.0,2026-05-27 03:55:14+00:00,5,8,0.0054514786103933245,0.02590876887023816,0.03075153425222242,0.0
1779854114,frontend,shippingservice,0.0177833333333333,936.9444444444443,10.444444444444445,0.0,2026-05-27 03:55:14+00:00,5,9,0.0015317255239735833,0.008880421816087069,0.015625103890318418,0.0
1779854114,recommendationservice,productcatalogservice,0.0207524705074337,14423.42293524526,19.043650440948458,0.0,2026-05-27 03:55:14+00:00,8,7,0.0017874651599856764,0.13670616273598854,0.02848969307783564,0.0
1779854129,checkoutservice,cartservice,0.0226229734072742,510.6775146522668,4.7555516425130016,0.0,2026-05-27 03:55:29+00:00,2,1,0.0019485765208677177,0.004840235479268073,0.007114403151386813,0.0
1779854129,checkoutservice,currencyservice,0.0477446397855556,466.9652233537018,4.97593804540831,0.0,2026-05-27 03:55:29+00:00,2,3,0.004112372074552593,0.004425927472447988,0.007444105746825908,0.0
1779854129,checkoutservice,emailservice,0.0212125543674489,370.8414433836863,2.288612875331136,0.0,2026-05-27 03:55:29+00:00,2,4,0.0018270933994357366,0.003514859887008995,0.00342381197314813,0.0
1779854129,checkoutservice,paymentservice,0.0169749116725552,308.4327411038812,2.3998133481469504,0.0,2026-05-27 03:55:29+00:00,2,6,0.001462094028643859,0.0029233460523035845,0.003590170169569371,0.0
1779854129,checkoutservice,productcatalogservice,0.0099549437690307,383.3569010694507,2.4222513934623,0.0,2026-05-27 03:55:29+00:00,2,7,0.0008574456304074676,0.003633482228098683,0.0036237379472537543,0.0
1779854129,checkoutservice,shippingservice,0.0099625009721682,535.862577440588,4.799680023701808,0.0,2026-05-27 03:55:29+00:00,2,9,0.0008580965522970025,0.005078941180925277,0.007180420118038729,0.0
1779854129,frontend,adservice,0.0212953488372092,3660.344444444444,26.0,0.0,2026-05-27 03:55:29+00:00,5,0,0.0018342247060473041,0.03469298831064784,0.03889653521632457,0.0
1779854129,frontend,cartservice,0.0246626349449919,4892.034861370393,42.46856115605337,0.0,2026-05-27 03:55:29+00:00,5,1,0.0021242579625316022,0.04636703207491836,0.06353384171511783,0.0
1779854129,frontend,checkoutservice,0.2393000361464345,538.0820964062455,2.3998933428139724,0.0,2026-05-27 03:55:29+00:00,5,2,0.02061154488772046,0.005099977929433382,0.003590289843237945,0.0
1779854129,frontend,currencyservice,0.0239254121262573,23946.369533888887,231.8229144444444,0.0,2026-05-27 03:55:29+00:00,5,3,0.0020607590117362015,0.2269652845328748,0.34681185213997423,0.0
1779854129,frontend,productcatalogservice,0.0205096011900091,33476.86996594531,146.8105068195793,0.0,2026-05-27 03:55:29+00:00,5,7,0.0017665461834633163,0.3172960020657002,0.2196315403320856,0.0
1779854129,frontend,recommendationservice,0.0479322855216584,3051.219887133684,21.842262658579397,0.0,2026-05-27 03:55:29+00:00,5,8,0.004128534497989527,0.028919665207521643,0.0326764745655248,0.0
1779854129,frontend,shippingservice,0.0161689474912225,1061.9496871743972,10.133108158155936,0.0,2026-05-27 03:55:29+00:00,5,9,0.0013926742025170112,0.010065229828180635,0.015159338397097624,0.0
1779854129,recommendationservice,productcatalogservice,0.0202513026261244,16269.816507290265,20.1992633772097,0.0,2026-05-27 03:55:29+00:00,8,7,0.0017442982451442207,0.15420640392477508,0.03021851381905586,0.0
1779854144,checkoutservice,cartservice,0.020456996663489,519.2166854115465,4.537574536084263,0.0,2026-05-27 03:55:44+00:00,2,1,0.001762015216493454,0.0049211703081702965,0.006788304913057661,0.0
1779854144,checkoutservice,currencyservice,0.0247118496835452,545.4473446127122,5.115608773349937,0.0,2026-05-27 03:55:44+00:00,2,3,0.0021284969581003618,0.0051697862422329585,0.007653056030982491,0.0
1779854144,checkoutservice,emailservice,0.0169750266761513,416.6011949237976,2.2674257249599714,0.0,2026-05-27 03:55:44+00:00,2,4,0.0014621039342076916,0.003948573858296248,0.0033921155600502234,0.0
1779854144,checkoutservice,paymentservice,0.0169785094540848,307.643358612618,2.156145257477135,0.0,2026-05-27 03:55:44+00:00,2,6,0.001462403915080517,0.00291586423250283,0.0032256376899604078,0.0
1779854144,checkoutservice,productcatalogservice,0.0097026029796164,491.84288914575774,2.729489904784725,0.0,2026-05-27 03:55:44+00:00,2,7,0.000835710850957485,0.004661719644911418,0.004083373084771595,0.0
1779854144,checkoutservice,shippingservice,0.0088169063753284,568.302310779023,4.4904070054754985,0.0,2026-05-27 03:55:44+00:00,2,9,0.0007594234604072696,0.005386407132994078,0.006717741316311858,0.0
1779854144,frontend,adservice,0.0196002515370021,3741.409457451343,26.559092440900045,0.0,2026-05-27 03:55:44+00:00,5,0,0.0016882214932818348,0.035461327900360336,0.03973294901696494,0.0
1779854144,frontend,cartservice,0.0242923848867927,4841.505882657766,41.87237886593388,0.0,2026-05-27 03:55:44+00:00,5,1,0.0020923673459769766,0.045888115051006366,0.06264194073654161,0.0
1779854144,frontend,checkoutservice,0.2323328314443533,541.9989824824559,2.134305767635173,0.0,2026-05-27 03:55:44+00:00,5,2,0.020011441123544645,0.005137102436407678,0.0031929653635856215,0.0
1779854144,frontend,currencyservice,0.0240264508715604,24900.84221470302,230.08048074048145,0.0,2026-05-27 03:55:44+00:00,5,3,0.002069461746043101,0.23601184014011445,0.344205135450424,0.0
1779854144,frontend,productcatalogservice,0.0195495167627785,36454.19552032788,159.5416256572138,0.0,2026-05-27 03:55:44+00:00,5,7,0.001683851573021404,0.3455152918683201,0.23867755618636496,0.0
1779854144,frontend,recommendationservice,0.0475571603980631,3082.3893351512006,21.64118309726688,0.0,2026-05-27 03:55:44+00:00,5,8,0.004096223979161335,0.0292150913107569,0.03237565540252959,0.0
1779854144,frontend,shippingservice,0.0176007266666667,1005.516056544642,10.134355760040895,0.0,2026-05-27 03:55:44+00:00,5,9,0.0015159971289118606,0.00953034812033014,0.01516120483519971,0.0
1779854144,recommendationservice,productcatalogservice,0.0186631837054445,17525.999728322186,21.81895158636302,0.0,2026-05-27 03:55:44+00:00,8,7,0.0016075093630873818,0.1661125921168284,0.032641600721625,0.0
1779854159,checkoutservice,cartservice,0.0193002399573409,573.2945451583282,5.021546846766788,0.0,2026-05-27 03:55:59+00:00,2,1,0.001662380702613342,0.005433723862770185,0.007512337452526461,0.0
1779854159,checkoutservice,currencyservice,0.0229857749137584,519.0666666666666,5.799999999999999,0.0,2026-05-27 03:55:59+00:00,2,3,0.001979825573967132,0.004919748420519698,0.008676919394410865,0.0
1779854159,checkoutservice,emailservice,0.0099749886898837,415.3886084998259,2.466748153580609,0.0,2026-05-27 03:55:59+00:00,2,4,0.0008591721524447631,0.003937080883448935,0.003690306016367376,0.0
1779854159,checkoutservice,paymentservice,0.0096833333333333,317.33888888888885,2.4888888888888885,0.0,2026-05-27 03:55:59+00:00,2,6,0.000834051105368932,0.0030077591138850247,0.0037234290121609843,0.0
1779854159,checkoutservice,productcatalogservice,0.0093392909232803,551.3150007949204,3.3868029251096097,0.0,2026-05-27 03:55:59+00:00,2,7,0.0008044178228492937,0.005225400278133108,0.0050667268941260385,0.0
1779854159,checkoutservice,shippingservice,0.0087444444444444,592.8444444444444,5.066666666666666,0.0,2026-05-27 03:55:59+00:00,2,9,0.0007531821226911628,0.005619019109625161,0.0075798376318991475,0.0
1779854159,frontend,adservice,0.0154070419926506,3630.6733572275793,25.512275074521582,0.0,2026-05-27 03:55:59+00:00,5,0,0.0013270492672395006,0.03441176377082584,0.03816688868787263,0.0
1779854159,frontend,cartservice,0.0231015224553273,4888.202586421754,41.63705053088363,0.0,2026-05-27 03:55:59+00:00,5,1,0.0019897952157904653,0.04633070951784368,0.062289884703015413,0.0
1779854159,frontend,checkoutservice,0.2214999777787655,591.4240906981107,2.488778281436711,0.0,2026-05-27 03:55:59+00:00,5,2,0.019078378792314,0.005605556902265597,0.0037232635411356455,0.0
1779854159,frontend,currencyservice,0.022925141188215,24412.736728093303,227.3010359572976,0.0,2026-05-27 03:55:59+00:00,5,3,0.0019746030308540052,0.23138554384523552,0.340047028839234,0.0
1779854159,frontend,productcatalogservice,0.0151960497527349,35833.762594660206,160.6070949331289,0.0,2026-05-27 03:55:59+00:00,5,7,0.0013088759476946512,0.339634787297118,0.24027152015607817,0.0
1779854159,frontend,recommendationservice,0.0441855105166116,3170.5950611797466,22.64344107684255,0.0,2026-05-27 03:55:59+00:00,5,8,0.003805814859311938,0.030051111053840125,0.0338750539716991,0.0
1779854159,frontend,shippingservice,0.0146281142857142,1122.4259996642272,10.799516092396724,0.0,2026-05-27 03:55:59+00:00,5,9,0.0012599581641442033,0.010638428343819019,0.016156298384891275,0.0
1779854159,recommendationservice,productcatalogservice,0.0119341038809646,17483.3180820032,21.995523828060197,0.0,2026-05-27 03:55:59+00:00,8,7,0.0010279159242863566,0.165708052631734,0.03290575642998653,0.0
1779854174,checkoutservice,cartservice,0.014600180746096,539.9527325885757,4.311296806629725,0.0,2026-05-27 03:56:14+00:00,2,1,0.0012575521745130061,0.0051177079436962635,0.006449788771811568,0.0
1779854174,checkoutservice,currencyservice,0.0211408653418779,633.0930186386938,6.289165456682569,0.0,2026-05-27 03:56:14+00:00,2,3,0.0018209186340980104,0.006000497775153664,0.009408720987197906,0.0
1779854174,checkoutservice,emailservice,0.0095624868730309,440.62522414738106,2.266949667462125,0.0,2026-05-27 03:56:14+00:00,2,4,0.0008236422801921533,0.0041762752065377905,0.0033914033682336856,0.0
1779854174,checkoutservice,paymentservice,0.0097595297254968,297.6138481445264,2.088981736648196,0.0,2026-05-27 03:56:14+00:00,2,6,0.0008406141021099742,0.0028208038646297643,0.003125159680222901,0.0
1779854174,checkoutservice,productcatalogservice,0.0077376249968149,683.4001899539464,4.1556958207311325,0.0,2026-05-27 03:56:14+00:00,2,7,0.0006664621013621792,0.006477312493787805,0.006217006493823129,0.0
1779854174,checkoutservice,shippingservice,0.0147003059213938,588.1380716152491,4.266707186678463,0.0,2026-05-27 03:56:14+00:00,2,9,0.001266176220619621,0.0055744117946505715,0.006383081782476307,0.0
1779854174,frontend,adservice,0.014575,3503.2222222222217,24.31111111111111,0.0,2026-05-27 03:56:14+00:00,5,0,0.0012553832902670113,0.033203773428924895,0.03636992267235819,0.0
1779854174,frontend,cartservice,0.0226291666666666,5026.755555555556,42.68888888888888,0.0,2026-05-27 03:56:14+00:00,5,1,0.0019491099626758484,0.04764392378265425,0.06386345653893974,0.0
1779854174,frontend,checkoutservice,0.2128750166674078,534.7507531533668,2.088981736648196,0.0,2026-05-27 03:56:14+00:00,5,2,0.018335488085048045,0.0050684032363177405,0.003125159680222901,0.0
1779854174,frontend,currencyservice,0.0216268802228412,24175.37222222222,225.2222222222222,0.0,2026-05-27 03:56:14+00:00,5,3,0.001862780380951008,0.229135787257424,0.3369370806986748,0.0
1779854174,frontend,productcatalogservice,0.0117524925179754,36628.663732969886,167.44257687312663,0.0,2026-05-27 03:56:14+00:00,5,7,0.0010122732573622222,0.3471689132019505,0.25049754184837325,0.0
1779854174,frontend,recommendationservice,0.0431161328070304,3204.7041097108317,22.60226267475717,0.0,2026-05-27 03:56:14+00:00,5,8,0.003713706529459983,0.030374398886429843,0.03381345023451195,0.0
1779854174,frontend,shippingservice,0.011800434971002,1223.7817256627336,11.932933359998223,0.0,2026-05-27 03:56:14+00:00,5,9,0.001016402667614298,0.011599084662002513,0.017851913948893277,0.0
1779854174,recommendationservice,productcatalogservice,0.0099330171658068,17986.815657706597,22.82423404393089,0.0,2026-05-27 03:56:14+00:00,8,7,0.0008555570340918863,0.17048023617168187,0.034145523972130463,0.0
1779854189,checkoutservice,cartservice,0.01905996106857,523.9174753948304,4.444196557584872,0.0,2026-05-27 03:56:29+00:00,2,1,0.0016416848465607237,0.004965724708559693,0.00664860953501417,0.0
1779854189,checkoutservice,currencyservice,0.0175498461128209,668.0315519706094,6.777546682073047,0.0,2026-05-27 03:56:29+00:00,2,3,0.0015116146522670887,0.006331647519903792,0.010139349353828386,0.0
1779854189,checkoutservice,emailservice,0.0096230769230769,406.2395840277316,2.244294824789459,0.0,2026-05-27 03:56:29+00:00,2,4,0.0008288610614191989,0.0038503658204591803,0.00335751125723993,0.0
1779854189,checkoutservice,paymentservice,0.009764269763878,291.7462854113808,2.2445417603220914,0.0,2026-05-27 03:56:29+00:00,2,6,0.0008410223741496986,0.0027651907144460503,0.0033578806778799763,0.0
1779854189,checkoutservice,productcatalogservice,0.0087124499999999,745.2023976179365,4.510899273381775,0.0,2026-05-27 03:56:29+00:00,2,7,0.0007504263565891386,0.007063077932150659,0.006748398170937967,0.0
1779854189,checkoutservice,shippingservice,0.0151998977800494,556.9932315623403,4.48873778785118,0.0,2026-05-27 03:56:29+00:00,2,9,0.0013092073884624807,0.005279218927341997,0.006715244132384627,0.0
1779854189,frontend,adservice,0.0114874999999999,3423.7055555555557,24.02222222222222,0.0,2026-05-27 03:56:29+00:00,5,0,0.0009894487510766496,0.032450109168897304,0.035937738947732355,0.0
1779854189,frontend,cartservice,0.0216000252393347,5188.512779185123,42.77682769654682,0.0,2026-05-27 03:56:29+00:00,5,1,0.0018604672902097072,0.04917706951626434,0.06399501480543776,0.0
1779854189,frontend,checkoutservice,0.2124999999999998,543.0894977371879,2.2665911161478123,0.0,2026-05-27 03:56:29+00:00,5,2,0.018303186907838054,0.005147438412586758,0.0033908669680866076,0.0
1779854189,frontend,currencyservice,0.0183583732057416,24100.59444444444,225.2444444444444,0.0,2026-05-27 03:56:29+00:00,5,3,0.0015812552287460468,0.2284270385017493,0.33697032560056905,0.0
1779854189,frontend,productcatalogservice,0.0097464595421149,36949.20537223444,169.68599278566612,0.0,2026-05-27 03:56:29+00:00,5,7,0.0008394883326541689,0.3502070281971006,0.2538537382347946,0.0
1779854189,frontend,recommendationservice,0.0405906179793441,3238.6418027281434,22.75656305251825,0.0,2026-05-27 03:56:29+00:00,5,8,0.003496177259202765,0.030696062600053014,0.034044286775953336,0.0
1779854189,frontend,shippingservice,0.0093708333333333,1321.9333333333332,12.044444444444444,0.0,2026-05-27 03:56:29+00:00,5,9,0.000807134654033876,0.01252937213337851,0.018018736826707623,0.0
1779854189,recommendationservice,productcatalogservice,0.0096821324786223,18044.59625877208,22.6450830771092,0.0,2026-05-27 03:56:29+00:00,8,7,0.0008339476725772868,0.17102788455498893,0.03387751043789898,0.0
1779854204,checkoutservice,cartservice,0.017950020002667,485.0148232121159,4.445025340090691,0.0,2026-05-27 03:56:44+00:00,2,1,0.001546082687568217,0.00459700278145347,0.006649849410703564,0.0
1779854204,checkoutservice,currencyservice,0.0208545454545454,708.6944444444443,7.044444444444443,0.0,2026-05-27 03:56:44+00:00,2,3,0.0017962571450943498,0.006717053121667043,0.010538633900491357,0.0
1779854204,checkoutservice,emailservice,0.0095545552060796,420.4211282210815,2.199928893629313,0.0,2026-05-27 03:56:44+00:00,2,4,0.0008229591047441517,0.0039847794403778105,0.003291138910940867,0.0
1779854204,checkoutservice,paymentservice,0.0097575,285.7833333333333,2.2444444444444445,0.0,2026-05-27 03:56:44+00:00,2,6,0.0008404392764857882,0.0027086734577013633,0.003357735091323745,0.0
1779854204,checkoutservice,productcatalogservice,0.0085999499916652,793.2770973796645,4.933575362426217,0.0,2026-05-27 03:56:44+00:00,2,7,0.0007407364333906288,0.007518733136786646,0.007380730301038562,0.0
1779854204,checkoutservice,shippingservice,0.01525,563.9333333333332,4.355555555555555,0.0,2026-05-27 03:56:44+00:00,2,9,0.0013135228251507322,0.005344997673924495,0.006516000771281723,0.0
1779854204,frontend,adservice,0.0140098224366362,3474.8690936766898,24.51383438871254,0.0,2026-05-27 03:56:44+00:00,5,0,0.00120670305225118,0.03293504058912524,0.03667320086875791,0.0
1779854204,frontend,cartservice,0.0205505418462782,5211.577765350776,43.163233311678624,0.0,2026-05-27 03:56:44+00:00,5,1,0.001770072510446012,0.04939568099056009,0.06457308555992852,0.0
1779854204,frontend,checkoutservice,0.1772499666651849,527.852505407888,2.266767416362936,0.0,2026-05-27 03:56:44+00:00,5,2,0.015267008326027984,0.005003021184975255,0.0033911307168376153,0.0
1779854204,frontend,currencyservice,0.0147899977107635,24096.29707875268,224.0099623670252,0.0,2026-05-27 03:56:44+00:00,5,3,0.0012739016116075366,0.2283863077836506,0.3351235150006361,0.0
1779854204,frontend,productcatalogservice,0.0095602884321614,37109.772912764725,172.79528286329398,0.0,2026-05-27 03:56:44+00:00,5,7,0.0008234529226667874,0.35172889803509944,0.2585053001964185,0.0
1779854204,frontend,recommendationservice,0.0377026157278068,3233.640797206665,23.15659070929761,0.0,2026-05-27 03:56:44+00:00,5,8,0.0032474259886138505,0.030648662736807504,0.03464273638516188,0.0
1779854204,frontend,shippingservice,0.0094178971996736,1248.0996325599313,11.778303256585769,0.0,2026-05-27 03:56:44+00:00,5,9,0.0008111883892914385,0.011829571402397774,0.017620584131089953,0.0
1779854204,recommendationservice,productcatalogservice,0.0092931785731776,18209.551970808323,23.11239040774493,0.0,2026-05-27 03:56:44+00:00,8,7,0.0008004460442013437,0.17259134577463833,0.03457661182416511,0.0
1779854219,checkoutservice,cartservice,0.0193599999999999,503.63333333333327,4.088888888888889,0.0,2026-05-27 03:56:59+00:00,2,1,0.0016675279931093801,0.004773470259801703,0.006117061948550189,0.0
1779854219,checkoutservice,currencyservice,0.0210181818181818,672.5499999999998,6.755555555555555,0.0,2026-05-27 03:56:59+00:00,2,3,0.0018103515777934368,0.006374473671115827,0.010106450175865528,0.0
1779854219,checkoutservice,emailservice,0.0106,413.38333333333327,2.1111111111111107,0.0,2026-05-27 03:56:59+00:00,2,4,0.0009130060292850991,0.003918074751931353,0.0031582656799579775,0.0
1779854219,checkoutservice,paymentservice,0.0096749892849999,262.7783715210644,2.1111822269632787,0.0,2026-05-27 03:56:59+00:00,2,6,0.0008333324104220414,0.002490630898222762,0.003158372070736758,0.0
1779854219,checkoutservice,productcatalogservice,0.0103751499933335,719.1296423862643,4.422179754973852,0.0,2026-05-27 03:56:59+00:00,2,7,0.0008936391036462964,0.006815958622422398,0.0066156719450868465,0.0
1779854219,checkoutservice,shippingservice,0.0110499916662034,517.4054240594633,4.13356051907002,0.0,2026-05-27 03:56:59+00:00,2,9,0.0009517650013956418,0.004904003052501032,0.0061838916268775355,0.0
1779854219,frontend,adservice,0.0099681046282658,3385.756634088553,23.79469865245076,0.0,2026-05-27 03:56:59+00:00,5,0,0.0008585792100142809,0.03209042676500369,0.03559735900372622,0.0
1779854219,frontend,cartservice,0.0212521739130434,5197.127777777778,42.37777777777777,0.0,2026-05-27 03:56:59+00:00,5,1,0.0018305059356626531,0.049258723046419095,0.06339802791241962,0.0
1779854219,frontend,checkoutservice,0.1810000000000007,492.3888888888888,2.088888888888889,0.0,2026-05-27 03:56:59+00:00,5,2,0.015590008613264487,0.00466689466682358,0.003125020778063684,0.0
1779854219,frontend,currencyservice,0.0157731012658228,23825.016666666663,219.77777777777771,0.0,2026-05-27 03:56:59+00:00,5,3,0.001358578920398174,0.2258150939789792,0.3287920797345726,0.0
1779854219,frontend,productcatalogservice,0.0095959650991204,37064.28202721854,171.59810181275893,0.0,2026-05-27 03:56:59+00:00,5,7,0.0008265258483307839,0.3512977323936008,0.2567142927005549,0.0
1779854219,frontend,recommendationservice,0.0249877551020408,3273.422222222221,23.088888888888885,0.0,2026-05-27 03:56:59+00:00,5,8,0.00215226142136441,0.031025713731322603,0.03454145306817199,0.0
1779854219,frontend,shippingservice,0.0095740219118094,1271.4644824733612,11.91177291303972,0.0,2026-05-27 03:56:59+00:00,5,9,0.0008246358235839277,0.012051025005256642,0.01782025748465041,0.0
1779854219,recommendationservice,productcatalogservice,0.0091637181456581,18244.69099200529,22.910867171335592,0.0,2026-05-27 03:56:59+00:00,8,7,0.0007892952752504823,0.17292439575671972,0.0342751289140919,0.0
1779854234,checkoutservice,cartservice,0.0175750066665185,522.1867347045321,4.399906209599866,0.0,2026-05-27 03:57:14+00:00,2,1,0.0015137817972884153,0.004949320633083022,0.0065823502627010136,0.0
1779854234,checkoutservice,currencyservice,0.0199334669145697,689.9345548962524,7.044680015704751,0.0,2026-05-27 03:57:14+00:00,2,3,0.0017169222148638848,0.0065392456396984305,0.010538986319946068,0.0
1779854234,checkoutservice,emailservice,0.01735,434.5789719314621,2.2223703802475723,0.0,2026-05-27 03:57:14+00:00,2,4,0.0014944013781223084,0.004118968425541134,0.0033247118368852436,0.0
1779854234,checkoutservice,paymentservice,0.01765,278.5061730041262,2.266740745679342,0.0,2026-05-27 03:57:14+00:00,2,6,0.001520241171403962,0.002639700047666393,0.003391090816945936,0.0
1779854234,checkoutservice,productcatalogservice,0.0072499344353445,786.919393456553,4.82251953202983,0.0,2026-05-27 03:57:14+00:00,2,7,0.0006244560237161498,0.0074584743957761285,0.007214588492654284,0.0
1779854234,checkoutservice,shippingservice,0.0101500050001666,558.8008474639049,4.355703713580905,0.0,2026-05-27 03:57:14+00:00,2,9,0.0008742467700401895,0.005296351631188572,0.006516222418737515,0.0
1779854234,frontend,adservice,0.0099636363636363,3426.894444444444,23.911111111111108,0.0,2026-05-27 03:57:14+00:00,5,0,0.0008581943465664341,0.03248033367006797,0.03577151443826088,0.0
1779854234,frontend,cartservice,0.0220297635103711,5146.382605019195,42.042096557172655,0.0,2026-05-27 03:57:14+00:00,5,1,0.0018974817838390268,0.048777756920947664,0.06289584189631478,0.0
1779854234,frontend,checkoutservice,0.2136249874995832,526.9100310391063,2.222296301234897,0.0,2026-05-27 03:57:14+00:00,5,2,0.01840008505595032,0.004994088350168177,0.0033246010131573467,0.0
1779854234,frontend,currencyservice,0.0175866834170854,23825.89444444444,223.3777777777777,0.0,2026-05-27 03:57:14+00:00,5,3,0.001514787546691249,0.22582341361518993,0.33417775384144827,0.0
1779854234,frontend,productcatalogservice,0.0099004953785551,36763.03752453976,169.51568939758738,0.0,2026-05-27 03:57:14+00:00,5,7,0.0008527558465594401,0.34844251694360556,0.25359896086049216,0.0
1779854234,frontend,recommendationservice,0.035,3215.1277777777777,22.6,0.0,2026-05-27 03:57:14+00:00,5,8,0.003014642549526271,0.030473195106263607,0.033810065226497515,0.0
1779854234,frontend,shippingservice,0.0121249999999999,1246.922222222222,11.42222222222222,0.0,2026-05-27 03:57:14+00:00,5,9,0.0010443583118001636,0.011818411828837699,0.017087879573667374,0.0
1779854234,recommendationservice,productcatalogservice,0.0095626564923489,17970.90549567236,22.73394080823795,0.0,2026-05-27 03:57:14+00:00,8,7,0.0008236568899525324,0.1703294385967946,0.0340104434328256,0.0
1779854249,checkoutservice,cartservice,0.0099841666666666,566.9166666666665,4.622222222222222,0.0,2026-05-27 03:57:29+00:00,2,1,0.000859962675854143,0.005373273905855943,0.006914939594013257,0.0
1779854249,checkoutservice,currencyservice,0.0153999999999999,720.2833333333333,6.933333333333333,0.0,2026-05-27 03:57:29+00:00,2,3,0.0013264427217915505,0.006826893382019002,0.010372409391019886,0.0
1779854249,checkoutservice,emailservice,0.0169747349823321,438.0015304724019,2.377857783111467,0.0,2026-05-27 03:57:29+00:00,2,4,0.001462078809847726,0.004151407663229148,0.0035573241923156406,0.0
1779854249,checkoutservice,paymentservice,0.0169749900004444,308.05962976130513,2.355450873502602,0.0,2026-05-27 03:57:29+00:00,2,6,0.0014621007752320758,0.0029198096781609248,0.0035238029942890937,0.0
1779854249,checkoutservice,productcatalogservice,0.0049999997714244,739.8215272685072,4.355576296757212,0.0,2026-05-27 03:57:29+00:00,2,7,0.00043066320167307496,0.00701207768477853,0.006516031800546364,0.0
1779854249,checkoutservice,shippingservice,0.0098799999999999,586.2722222222221,4.71111111111111,0.0,2026-05-27 03:57:29+00:00,2,9,0.0008509905254091214,0.005556727149895358,0.007047919201590434,0.0
1779854249,frontend,adservice,0.0098396551724137,3372.583333333333,23.88888888888889,0.0,2026-05-27 03:57:29+00:00,5,0,0.0008475155187264169,0.031965569343509616,0.03573826953636659,0.0
1779854249,frontend,cartservice,0.0215684931506849,5085.599999999999,41.62222222222222,0.0,2026-05-27 03:57:29+00:00,5,1,0.0018577513480348752,0.04820165534432631,0.06226770124801361,0.0
1779854249,frontend,checkoutservice,0.209875,573.8333333333333,2.355555555555555,0.0,2026-05-27 03:57:29+00:00,5,2,0.018077088716623602,0.0054388305329595805,0.003523959600795217,0.0
1779854249,frontend,currencyservice,0.0183958333333333,23744.19444444444,223.3777777777777,0.0,2026-05-27 03:57:29+00:00,5,3,0.0015844817685902928,0.22504905557648625,0.33417775384144827,0.0
1779854249,frontend,productcatalogservice,0.0098766992931764,36580.88251158668,169.200913106711,0.0,2026-05-27 03:57:29+00:00,5,7,0.0008507062268024463,0.3467160396049227,0.2531280490495946,0.0
1779854249,frontend,recommendationservice,0.0288958333333335,3196.105555555555,22.355555555555554,0.0,2026-05-27 03:57:29+00:00,5,8,0.0024888745334481913,0.03029290121774725,0.033444371305660275,0.0
1779854249,frontend,shippingservice,0.0140285714285714,1248.6666666666663,11.4,0.0,2026-05-27 03:57:29+00:00,5,9,0.0012083179525039967,0.011834945789408415,0.017054634671773084,0.0
1779854249,recommendationservice,productcatalogservice,0.0095592816665767,17903.73860727769,22.466789138524064,0.0,2026-05-27 03:57:29+00:00,8,7,0.0008233662072848148,0.16969282635734387,0.03361077903555153,0.0
1779854264,checkoutservice,cartservice,0.0099016995707572,543.4754323785821,4.666506677332622,0.0,2026-05-27 03:57:44+00:00,2,1,0.000852859566818019,0.005151096326809252,0.006981190050464697,0.0
1779854264,checkoutservice,currencyservice,0.019575,724.2277777777776,6.51111111111111,0.0,2026-05-27 03:57:44+00:00,2,3,0.001686046511627907,0.006864279089041959,0.00974075625502829,0.0
1779854264,checkoutservice,emailservice,0.0099730769230769,443.5333333333333,2.311111111111111,0.0,2026-05-27 03:57:44+00:00,2,4,0.0008590074869144617,0.00420383845899275,0.0034574697970066286,0.0
1779854264,checkoutservice,paymentservice,0.016975,306.7555555555556,2.2444444444444445,0.0,2026-05-27 03:57:44+00:00,2,6,0.0014621016365202412,0.002907449576027653,0.003357735091323745,0.0
1779854264,checkoutservice,productcatalogservice,0.004955000061592,769.0948943009939,4.333283952811973,0.0,2026-05-27 03:57:44+00:00,2,7,0.00042678725767372955,0.0072895326062170805,0.006482681995110964,0.0
1779854264,checkoutservice,shippingservice,0.0064001962744879,603.993943265563,4.710839536347812,0.0,2026-05-27 03:57:44+00:00,2,9,0.0005512658289825926,0.005724694801664945,0.007047512920154108,0.0
1779854264,frontend,adservice,0.0099541553010508,3515.444305135653,24.893283537850493,0.0,2026-05-27 03:57:44+00:00,5,0,0.000857377717575435,0.03331961514439268,0.037240864606921324,0.0
1779854264,frontend,cartservice,0.0211435760666783,5098.129711722922,42.02083120384567,0.0,2026-05-27 03:57:44+00:00,5,1,0.001821152115992963,0.048320412786129065,0.06286402848998514,0.0
1779854264,frontend,checkoutservice,0.2170000000000002,592.1666666666666,2.2666666666666666,0.0,2026-05-27 03:57:44+00:00,5,2,0.018690783807062895,0.005612595086728258,0.0033909799932180396,0.0
1779854264,frontend,currencyservice,0.0196044491525423,24131.738888888885,228.66666666666663,0.0,2026-05-27 03:57:44+00:00,5,3,0.0016885830450079503,0.22872222761945454,0.3420900404922904,0.0
1779854264,frontend,productcatalogservice,0.0098559250992119,36581.32799134853,168.5314944027179,0.0,2026-05-27 03:57:44+00:00,5,7,0.0008489168905436607,0.34672026189176075,0.252126584888274,0.0
1779854264,frontend,recommendationservice,0.04625,3183.2944444444443,22.177777777777774,0.0,2026-05-27 03:57:44+00:00,5,8,0.003983634797588286,0.03017147665381072,0.03317841209050591,0.0
1779854264,frontend,shippingservice,0.0125757082546383,1227.3478508560777,10.754963028799269,0.0,2026-05-27 03:57:44+00:00,5,9,0.0010831790055674678,0.011632884633979131,0.01608964608461383,0.0
1779854264,recommendationservice,productcatalogservice,0.0097319063597173,17788.37198717094,22.510850381958328,0.0,2026-05-27 03:57:44+00:00,8,7,0.0008382348285716882,0.1685993738521084,0.0336766955627406,0.0
1779854279,checkoutservice,cartservice,0.0099106257687162,465.36567688307065,4.266991655492088,0.0,2026-05-27 03:57:59+00:00,2,1,0.0008536284038515245,0.004410766864518817,0.00638350735367735,0.0
1779854279,checkoutservice,currencyservice,0.0218499999999999,621.4944444444443,5.866666666666665,0.0,2026-05-27 03:57:59+00:00,2,3,0.0018819982773471062,0.005890565716832755,0.008776654100093748,0.0
1779854279,checkoutservice,emailservice,0.0096499999999999,374.5111111111111,2.0666666666666664,0.0,2026-05-27 03:57:59+00:00,2,4,0.0008311800172265203,0.0035496412420163745,0.003091775876169389,0.0
1779854279,checkoutservice,paymentservice,0.0097264705882352,266.5,2.133333333333333,0.0,2026-05-27 03:57:59+00:00,2,6,0.0008377666312002756,0.0025259047406919464,0.003191510581852272,0.0
1779854279,checkoutservice,productcatalogservice,0.0049815413768376,615.1516209205495,3.8885231173998136,0.0,2026-05-27 03:57:59+00:00,2,7,0.0004290733313382946,0.005830448013236589,0.005817310629824387,0.0
1779854279,checkoutservice,shippingservice,0.0081399999999999,511.9944444444444,4.31111111111111,0.0,2026-05-27 03:57:59+00:00,2,9,0.0007011197243755298,0.004852717427505296,0.006449510967493133,0.0
1779854279,frontend,adservice,0.0099566176470588,3521.616666666666,24.97777777777777,0.0,2026-05-27 03:57:59+00:00,5,0,0.0008575898059482171,0.0333781171978728,0.03736726972918702,0.0
1779854279,frontend,cartservice,0.0207720230241056,5301.974587034526,43.225568915658485,0.0,2026-05-27 03:57:59+00:00,5,1,0.0017891492699488028,0.05025246808412283,0.06466634090667596,0.0
1779854279,frontend,checkoutservice,0.108999999999999,509.9999999999999,2.1777777777777776,0.0,2026-05-27 03:57:59+00:00,5,2,0.009388458225667442,0.004833813950292279,0.0032580003856408613,0.0
1779854279,frontend,currencyservice,0.0192747787610619,24556.366666666665,234.3777777777777,0.0,2026-05-27 03:57:59+00:00,5,3,0.0016601876624514989,0.23274687796436402,0.35063398027912407,0.0
1779854279,frontend,productcatalogservice,0.0095549453281349,37349.04524311957,173.60434631303818,0.0,2026-05-27 03:57:59+00:00,5,7,0.0008229927069883635,0.3539967371103704,0.2597156757720037,0.0
1779854279,frontend,recommendationservice,0.0444347826086957,3191.183333333333,22.866666666666664,0.0,2026-05-27 03:57:59+00:00,5,8,0.0038272853237463996,0.030246248067856633,0.034209004049229046,0.0
1779854279,frontend,shippingservice,0.0098621951219512,1266.8277777777776,11.466666666666663,0.0,2026-05-27 03:57:59+00:00,5,9,0.0008494569441818432,0.012007078009490175,0.01715436937745596,0.0
1779854279,recommendationservice,productcatalogservice,0.00936885902804,17697.13058387693,22.664265705097357,0.0,2026-05-27 03:57:59+00:00,8,7,0.0008069646018983635,0.16773458175782052,0.033906208044248334,0.0
1779854294,checkoutservice,cartservice,0.009918117426799,460.11624486945016,4.154673952479323,0.0,2026-05-27 03:58:14+00:00,2,1,0.0008542736801721791,0.004361012398443229,0.006215477757883015,0.0
1779854294,checkoutservice,currencyservice,0.0220333333333333,628.2722222222221,6.488888888888888,0.0,2026-05-27 03:58:14+00:00,2,3,0.0018977892621303448,0.005954805945801782,0.009707511353133995,0.0
1779854294,checkoutservice,emailservice,0.0096499999999999,396.2388888888888,2.022222222222222,0.0,2026-05-27 03:58:14+00:00,2,4,0.0008311800172265203,0.003755578566194948,0.0030252860723808,0.0
1779854294,checkoutservice,paymentservice,0.0097033267353723,258.43792929741903,2.0667595144259736,0.0,2026-05-27 03:58:14+00:00,2,6,0.0008357731899545478,0.0024494918978872826,0.003091914778328606,0.0
1779854294,checkoutservice,productcatalogservice,0.0052999477754567,696.1156547698415,4.60005234800559,0.0,2026-05-27 03:58:14+00:00,2,7,0.0004564985164045392,0.006597830515771185,0.006881773005812923,0.0
1779854294,checkoutservice,shippingservice,0.005525,520.2833333333333,4.111111111111111,0.0,2026-05-27 03:58:14+00:00,2,9,0.0004758828596037899,0.004931280068178892,0.006150306850444483,0.0
1779854294,frontend,adservice,0.0113637610857048,3436.6294971487814,24.24175862154089,0.0,2026-05-27 03:58:14+00:00,5,0,0.000978790791189044,0.03257260314765436,0.03626616992032327,0.0
1779854294,frontend,cartservice,0.0209929546113709,5538.134411643478,43.96842715791604,0.0,2026-05-27 03:58:14+00:00,5,1,0.0018081786917632128,0.0524908066227372,0.06577767212901088,0.0
1779854294,frontend,checkoutservice,0.2366499999999999,485.1666666666666,2.0666666666666664,0.0,2026-05-27 03:58:14+00:00,5,2,0.02038329026701119,0.0045984419638237985,0.003091775876169389,0.0
1779854294,frontend,currencyservice,0.0191284810126582,25139.84444444444,238.88888888888889,0.0,2026-05-27 03:58:14+00:00,5,3,0.0016475866505304222,0.238277119183791,0.35738269536366596,0.0
1779854294,frontend,productcatalogservice,0.0095959109849897,38406.736042589546,175.75748551787484,0.0,2026-05-27 03:58:14+00:00,5,7,0.0008265211873376142,0.3640216009173778,0.26293681634533367,0.0
1779854294,frontend,recommendationservice,0.0454396551724138,3270.427777777777,22.82222222222222,0.0,2026-05-27 03:58:14+00:00,5,8,0.003913837654816003,0.03099733218754039,0.03414251424544045,0.0
1779854294,frontend,shippingservice,0.0096060606060606,1390.2833333333333,12.22222222222222,0.0,2026-05-27 03:58:14+00:00,5,9,0.0008273954010388115,0.01317719798338337,0.018284696041861975,0.0
1779854294,recommendationservice,productcatalogservice,0.0092966548636729,18179.336431001877,23.089129887254245,0.0,2026-05-27 03:58:14+00:00,8,7,0.0008007454662939622,0.1723049608769285,0.03454181360668757,0.0
1779854309,checkoutservice,cartservice,0.0098826086956521,542.4944444444444,4.888888888888888,0.0,2026-05-27 03:58:29+00:00,2,1,0.0008512152192637468,0.005141798457865913,0.007313878416744791,0.0
1779854309,checkoutservice,currencyservice,0.0200049999999999,717.0055555555555,7.533333333333333,0.0,2026-05-27 03:58:29+00:00,2,3,0.0017230835486649356,0.006795826386042177,0.011270021742165837,0.0
1779854309,checkoutservice,emailservice,0.0095791666666666,416.9333333333333,2.2666666666666666,0.0,2026-05-27 03:58:29+00:00,2,4,0.0008250789549239105,0.003951721888252015,0.0033909799932180396,0.0
1779854309,checkoutservice,paymentservice,0.009694452235401,318.0974624477824,2.466556059214489,0.0,2026-05-27 03:58:29+00:00,2,6,0.0008350088058054264,0.003014948924573853,0.0036900186392413515,0.0
1779854309,checkoutservice,productcatalogservice,0.0066748444271585,848.2012130977515,5.266802484226642,0.0,2026-05-27 03:58:29+00:00,2,7,0.0005749220006165805,0.008039307561817149,0.00787924493481336,0.0
1779854309,checkoutservice,shippingservice,0.0064664740526725,602.4223160598091,4.8447111407440335,0.0,2026-05-27 03:58:29+00:00,2,9,0.0005569745092741171,0.005709798814386843,0.007247787596110396,0.0
1779854309,frontend,adservice,0.0099303000289088,3388.7712087988066,24.06773342815657,0.0,2026-05-27 03:58:29+00:00,5,0,0.0008553229999060121,0.0321189991047853,0.03600582464866939,0.0
1779854309,frontend,cartservice,0.0202999999999999,5495.316666666666,43.822222222222216,0.0,2026-05-27 03:58:29+00:00,5,1,0.0017484926787252285,0.05208497718550392,0.06555894653554876,0.0
1779854309,frontend,checkoutservice,0.236625,591.3333333333333,2.444444444444444,0.0,2026-05-27 03:58:29+00:00,5,2,0.020381136950904395,0.00560469669792059,0.0036569392083723954,0.0
1779854309,frontend,currencyservice,0.018495278969957,25310.62777777777,236.55555555555551,0.0,2026-05-27 03:58:29+00:00,5,3,0.0015930472842340226,0.23989581498603424,0.35389198066476496,0.0
1779854309,frontend,productcatalogservice,0.0095018903473403,38171.84719845415,176.8048252274944,0.0,2026-05-27 03:58:29+00:00,5,7,0.0008184229412007149,0.3617953088162999,0.26450365811066723,0.0
1779854309,frontend,recommendationservice,0.0301923076923076,3256.594444444444,23.2,0.0,2026-05-27 03:58:29+00:00,5,8,0.002600543298217709,0.03086621893333312,0.03470767757764347,0.0
1779854309,frontend,shippingservice,0.0096031799004197,1356.9818683557432,12.13400995172303,0.0,2026-05-27 03:58:29+00:00,5,9,0.000827147278244591,0.01286156448147387,0.01815272866932414,0.0
1779854309,recommendationservice,productcatalogservice,0.0091462719108707,17984.906517390817,22.73390376708523,0.0,2026-05-27 03:58:29+00:00,8,7,0.0007877925849156503,0.17046214121267897,0.034010388018498636,0.0
1779854324,checkoutservice,cartservice,0.0199428571428571,608.0055555555555,5.222222222222221,0.0,2026-05-27 03:58:44+00:00,2,1,0.0017177310200565978,0.005762717129999317,0.007812551945159209,0.0
1779854324,checkoutservice,currencyservice,0.019640909090909,846.7944444444444,8.822222222222221,0.0,2026-05-27 03:58:44+00:00,2,3,0.0016917234359094748,0.00802597411487364,0.013198226052034918,0.0
1779854324,checkoutservice,emailservice,0.0095125,514.3055555555554,2.533333333333333,0.0,2026-05-27 03:58:44+00:00,2,4,0.0008193367786391043,0.004874622292465225,0.0037899188159495737,0.0
1779854324,checkoutservice,paymentservice,0.0160749999999999,348.9277777777777,2.644444444444444,0.0,2026-05-27 03:58:44+00:00,2,6,0.0013845822566752712,0.003307160705620993,0.003956143325421046,0.0
1779854324,checkoutservice,productcatalogservice,0.0077496276950432,1050.8531389691534,6.422572917438442,0.0,2026-05-27 03:58:44+00:00,2,7,0.0006674959254989837,0.009960056005602992,0.009608301294713724,0.0
1779854324,checkoutservice,shippingservice,0.0049941125541125,674.9444444444443,5.266666666666666,0.0,2026-05-27 03:58:44+00:00,2,9,0.00043015612007859605,0.006397168374956525,0.007879041748947796,0.0
1779854324,frontend,adservice,0.0098772116208153,3487.305614440518,24.599182276737107,0.0,2026-05-27 03:58:44+00:00,5,0,0.0008507503549367184,0.03305291476081405,0.036800883066149696,0.0
1779854324,frontend,cartservice,0.018896875,5382.177777777777,42.91111111111111,0.0,2026-05-27 03:58:44+00:00,5,1,0.0016276378122308357,0.05101263926504965,0.0641959055578827,0.0
1779854324,frontend,checkoutservice,0.2399999999999999,659.9999999999999,2.6,0.0,2026-05-27 03:58:44+00:00,5,2,0.02067183462532299,0.0062555239356723615,0.0038896535216324576,0.0
1779854324,frontend,currencyservice,0.0180424170616113,24915.16111111111,229.2888888888889,0.0,2026-05-27 03:58:44+00:00,5,3,0.0015540410905780621,0.2361475555934678,0.34302089774533073,0.0
1779854324,frontend,productcatalogservice,0.009491086820737,38165.60942802104,176.60970586056158,0.0,2026-05-27 03:58:44+00:00,5,7,0.0008174924048869079,0.3617361868128915,0.26421175552115606,0.0
1779854324,frontend,recommendationservice,0.0311250000000001,3325.983333333333,23.51111111111111,0.0,2026-05-27 03:58:44+00:00,5,8,0.002680878552971585,0.03152389144138487,0.035173106204163584,0.0
1779854324,frontend,shippingservice,0.0096609375,1276.561111111111,11.466666666666663,0.0,2026-05-27 03:58:44+00:00,5,9,0.0008321220930232558,0.012099331190763727,0.01715436937745596,0.0
1779854324,recommendationservice,productcatalogservice,0.0092999564420894,18796.794235756093,23.712360771529475,0.0,2026-05-27 03:58:44+00:00,8,7,0.0008010298399732472,0.1781572670540614,0.035474179838922676,0.0
1779854339,checkoutservice,cartservice,0.0210995213242867,629.0199592914538,5.134422188133755,0.0,2026-05-27 03:58:59+00:00,2,1,0.001817357564538045,0.005961893047520218,0.007681201286777802,0.0
1779854339,checkoutservice,currencyservice,0.0182666666666666,922.3555555555554,8.844444444444443,0.0,2026-05-27 03:58:59+00:00,2,3,0.001573356302038467,0.008742147356027508,0.013231470953929212,0.0
1779854339,checkoutservice,emailservice,0.0094636363636363,511.3499999999999,2.644444444444444,0.0,2026-05-27 03:58:59+00:00,2,4,0.0008151280244303446,0.0048466093401607,0.003956143325421046,0.0
1779854339,checkoutservice,paymentservice,0.0163749999999999,331.9111111111111,2.555555555555556,0.0,2026-05-27 03:58:59+00:00,2,6,0.001410422049956925,0.003145875606168431,0.0038231637178438686,0.0
1779854339,checkoutservice,productcatalogservice,0.0104513495501499,1101.1457292013772,6.199444629567921,0.0,2026-05-27 03:58:59+00:00,2,7,0.000900202372967261,0.010436732523761533,0.009274496782909342,0.0
1779854339,checkoutservice,shippingservice,0.0085625,660.6833333333333,5.088888888888889,0.0,2026-05-27 03:58:59+00:00,2,9,0.0007375107665805341,0.006262000614494649,0.007613082533793442,0.0
1779854339,frontend,adservice,0.0098024824583285,3598.802787039095,25.402800622360523,0.0,2026-05-27 03:58:59+00:00,5,0,0.0008443137345674849,0.03410969238498101,0.038003112653881455,0.0
1779854339,frontend,cartservice,0.0190939646798836,5187.173030094187,43.098003354502765,0.0,2026-05-27 03:58:59+00:00,5,1,0.0016446136675179672,0.04916437128519443,0.0644755002012189,0.0
1779854339,frontend,checkoutservice,0.2385,636.7222222222222,2.555555555555556,0.0,2026-05-27 03:58:59+00:00,5,2,0.02054263565891473,0.006034895608311526,0.0038231637178438686,0.0
1779854339,frontend,currencyservice,0.0166491379310345,24567.74444444444,229.8,0.0,2026-05-27 03:58:59+00:00,5,3,0.0014340342748522395,0.23285471729955137,0.34378553048889954,0.0
1779854339,frontend,productcatalogservice,0.0094050519228891,37723.15845829168,173.6523603243363,0.0,2026-05-27 03:58:59+00:00,5,7,0.0008100819916355814,0.35754260706818924,0.25978750572128584,0.0
1779854339,frontend,recommendationservice,0.0249525641025641,3277.594444444444,23.066666666666663,0.0,2026-05-27 03:58:59+00:00,5,8,0.002149230327524901,0.03106525833128633,0.03450820816627769,0.0
1779854339,frontend,shippingservice,0.0098723684210526,1219.6111111111109,10.955555555555554,0.0,2026-05-27 03:58:59+00:00,5,9,0.0008503331973344187,0.011559555299647755,0.01638973663388719,0.0
1779854339,recommendationservice,productcatalogservice,0.0094063138465703,18666.58748195046,23.24249694546262,0.0,2026-05-27 03:58:59+00:00,8,7,0.0008101906844591128,0.1769231587737321,0.034771253882865505,0.0
1779854354,checkoutservice,cartservice,0.0213005390356592,572.963592750533,4.8875858801231935,0.0,2026-05-27 03:59:14+00:00,2,1,0.0018346717515641002,0.005430587073817866,0.007311929088808559,0.0
1779854354,checkoutservice,currencyservice,0.0188499999999999,853.9777777777776,8.022222222222222,0.0,2026-05-27 03:59:14+00:00,2,3,0.0016236003445305688,0.00809405822639573,0.012001409583840317,0.0
1779854354,checkoutservice,emailservice,0.0096166666666666,497.6888888888888,2.511111111111111,0.0,2026-05-27 03:59:14+00:00,2,4,0.0008283089290841172,0.004717128419640343,0.0037566739140552793,0.0
1779854354,checkoutservice,paymentservice,0.0166,332.4756506751217,2.444553096077676,0.0,2026-05-27 03:59:14+00:00,2,6,0.0014298018949181741,0.003151226349737071,0.0036571017534523303,0.0
1779854354,checkoutservice,productcatalogservice,0.008649960554679,963.9355581975894,5.533369877355298,0.0,2026-05-27 03:59:14+00:00,2,7,0.0007450439754245479,0.009136245389016242,0.00827803524228846,0.0
1779854354,checkoutservice,shippingservice,0.0089727272727272,648.3833333333332,4.888888888888888,0.0,2026-05-27 03:59:14+00:00,2,9,0.0007728447263330922,0.006145420395693481,0.007313878416744791,0.0
1779854354,frontend,adservice,0.0099071048693709,3613.003705843432,25.53219170641622,0.0,2026-05-27 03:59:14+00:00,5,0,0.0008533251394806977,0.034244289638752326,0.03819668437917572,0.0
1779854354,frontend,cartservice,0.0193773801559592,5097.925156953329,42.6998223169865,0.0,2026-05-27 03:59:14+00:00,5,1,0.0016690249919000173,0.048318474002405805,0.06387981317244106,0.0
1779854354,frontend,checkoutservice,0.236125,600.8333333333333,2.444444444444444,0.0,2026-05-27 03:59:14+00:00,5,2,0.020338070628768305,0.005694738330327995,0.0036569392083723954,0.0
1779854354,frontend,currencyservice,0.0162268292682926,24672.68333333333,232.44444444444443,0.0,2026-05-27 03:59:14+00:00,5,3,0.0013976597130312318,0.23384933507413821,0.34774167381432053,0.0
1779854354,frontend,productcatalogservice,0.0094563840790577,37198.22194011718,169.91204002064242,0.0,2026-05-27 03:59:14+00:00,5,7,0.0008145033659825754,0.35256722380432703,0.25419190955155646,0.0
1779854354,frontend,recommendationservice,0.0247865384615384,3221.3888888888887,23.02222222222222,0.0,2026-05-27 03:59:14+00:00,5,8,0.002134930100046374,0.030532538334171876,0.034441718362489104,0.0
1779854354,frontend,shippingservice,0.0106,1177.3166666666666,10.955555555555554,0.0,2026-05-27 03:59:14+00:00,5,9,0.0009130060292850991,0.011158685739695959,0.01638973663388719,0.0
1779854354,recommendationservice,productcatalogservice,0.0094084857370115,18064.63822825692,23.022348644784696,0.0,2026-05-27 03:59:14+00:00,8,7,0.0008103777551258829,0.17121784367594417,0.03444190749324501,0.0
1779854369,checkoutservice,cartservice,0.01756,657.2833333333333,5.444444444444444,0.0,2026-05-27 03:59:29+00:00,2,1,0.001512489233419466,0.006229775188159367,0.008145000964102153,0.0
1779854369,checkoutservice,currencyservice,0.0178187499999999,837.9388888888889,9.244444444444444,0.0,2026-05-27 03:59:29+00:00,2,3,0.0015347760551248839,0.007942040569810831,0.013829879188026514,0.0
1779854369,checkoutservice,emailservice,0.0099307692307692,488.62777777777774,2.8,0.0,2026-05-27 03:59:29+00:00,2,4,0.0008553634135029458,0.00463124660533831,0.004188857638681108,0.0
1779854369,checkoutservice,paymentservice,0.0094454545454545,345.1,2.6666666666666665,0.0,2026-05-27 03:59:29+00:00,2,6,0.0008135619763526701,0.0032708807730311095,0.003989388227315341,0.0
1779854369,checkoutservice,productcatalogservice,0.0067499044380736,1115.511087035432,6.222342230222756,0.0,2026-05-27 03:59:29+00:00,2,7,0.0005813871178357967,0.010572888341603092,0.009308752064841655,0.0
1779854369,checkoutservice,shippingservice,0.0087699999999999,713.3166666666666,5.4,0.0,2026-05-27 03:59:29+00:00,2,9,0.0007553832902670026,0.006760862851586905,0.008078511160313566,0.0
1779854369,frontend,adservice,0.009913318108278,3471.099546266048,24.71193486973205,0.0,2026-05-27 03:59:29+00:00,5,0,0.0008538603021772611,0.03289931256783142,0.03696956326630969,0.0
1779854369,frontend,cartservice,0.0193529411764705,5071.888888888889,43.48888888888888,0.0,2026-05-27 03:59:29+00:00,5,1,0.001666919997973342,0.04807170052047749,0.06506027300713434,0.0
1779854369,frontend,checkoutservice,0.2333636363636363,676.6666666666665,2.6888888888888887,0.0,2026-05-27 03:59:29+00:00,5,2,0.020100227076971258,0.006413491711825703,0.0040226331292096355,0.0
1779854369,frontend,currencyservice,0.0171917127071823,24688.44444444444,232.4444444444444,0.0,2026-05-27 03:59:29+00:00,5,3,0.0014807676750372353,0.23399871993445387,0.3477416738143205,0.0
1779854369,frontend,productcatalogservice,0.009505383850219,37008.90890392693,168.98055277759255,0.0,2026-05-27 03:59:29+00:00,5,7,0.0008187238458414298,0.3507729022448984,0.25279838546106237,0.0
1779854369,frontend,recommendationservice,0.024988266384778,3257.144444444444,22.88888888888889,0.0,2026-05-27 03:59:29+00:00,5,8,0.0021523054594985358,0.03087143186994618,0.03424224895112334,0.0
1779854369,frontend,shippingservice,0.0099749999999999,1250.8277777777776,11.62222222222222,0.0,2026-05-27 03:59:29+00:00,5,9,0.0008591731266149786,0.011855428944382967,0.017387083690716024,0.0
1779854369,recommendationservice,productcatalogservice,0.0094942213529346,18052.71341756117,22.622605951507875,0.0,2026-05-27 03:59:29+00:00,8,7,0.0008177623904336435,0.17110481952634474,0.03384388419530231,0.0
1779854384,checkoutservice,cartservice,0.0134011165573309,585.6437595771614,5.064977878453638,0.0,2026-05-27 03:59:44+00:00,2,1,0.0011542736052825926,0.005550770539109217,0.00757731116996834,0.0
1779854384,checkoutservice,currencyservice,0.0178749999999999,864.4222222222221,7.955555555555555,0.0,2026-05-27 03:59:44+00:00,2,3,0.001539621016365194,0.008193051366118491,0.011901674878157433,0.0
1779854384,checkoutservice,emailservice,0.0099437685748409,505.1650612894863,2.4665284104235328,0.0,2026-05-27 03:59:44+00:00,2,4,0.0008564830813816451,0.004787988079336026,0.0036899772760809234,0.0
1779854384,checkoutservice,paymentservice,0.0160749999999999,346.5222222222222,2.4666666666666663,0.0,2026-05-27 03:59:44+00:00,2,6,0.0013845822566752712,0.0032843606899295276,0.00369018411026669,0.0
1779854384,checkoutservice,productcatalogservice,0.0078915281142797,929.8888770341392,5.355925028587235,0.0,2026-05-27 03:59:44+00:00,2,7,0.0006797181838311542,0.008813548678488716,0.008012574095786061,0.0
1779854384,checkoutservice,shippingservice,0.00766,658.7444444444443,5.111111111111111,0.0,2026-05-27 03:59:44+00:00,2,9,0.0006597760551248923,0.006243623696535475,0.007646327435687736,0.0
1779854384,frontend,adservice,0.0099004201680672,3576.2166666666662,25.4,0.0,2026-05-27 03:59:44+00:00,5,0,0.0008527493684812404,0.03389561963255115,0.03799892286517862,0.0
1779854384,frontend,cartservice,0.0208129914752209,5115.181505745681,43.25282719037854,0.0,2026-05-27 03:59:44+00:00,5,1,0.0017926779909750992,0.04848203082500106,0.06470711984677538,0.0
1779854384,frontend,checkoutservice,0.2142999999999998,647.8333333333333,2.444444444444444,0.0,2026-05-27 03:59:44+00:00,5,2,0.018458225667527976,0.006140207459080421,0.0036569392083723954,0.0
1779854384,frontend,currencyservice,0.0194780487804877,24600.816666666666,232.15555555555557,0.0,2026-05-27 03:59:44+00:00,5,3,0.0016776958467259002,0.233168178023365,0.34730949008969475,0.0
1779854384,frontend,productcatalogservice,0.0096062104390027,36933.61709257325,169.12138572144795,0.0,2026-05-27 03:59:44+00:00,5,7,0.0008274083065463135,0.3500592814447725,0.25300907444415044,0.0
1779854384,frontend,recommendationservice,0.0285833333333331,3227.5999999999995,22.97777777777777,0.0,2026-05-27 03:59:44+00:00,5,8,0.002461958082113101,0.030591407658751686,0.03437522855870051,0.0
1779854384,frontend,shippingservice,0.0098884615384615,1169.1333333333332,11.066666666666666,0.0,2026-05-27 03:59:44+00:00,5,9,0.0008517193400914299,0.011081123561604667,0.016555961143358663,0.0
1779854384,recommendationservice,productcatalogservice,0.0096942140771162,17896.98602300315,22.71260530351864,0.0,2026-05-27 03:59:44+00:00,8,7,0.0008349882926026013,0.16962882491407566,0.033978525078568966,0.0
1779854399,checkoutservice,cartservice,0.0160735931169024,620.0990082938652,5.223796500122296,0.0,2026-05-27 03:59:59+00:00,2,1,0.001384461078113902,0.0058773396801044975,0.007814907097304613,0.0
1779854399,checkoutservice,currencyservice,0.0203499999999999,789.2055555555554,8.022222222222222,0.0,2026-05-27 03:59:59+00:00,2,3,0.0017527993109388372,0.0074801427923384565,0.012001409583840317,0.0
1779854399,checkoutservice,emailservice,0.01645,475.0,2.644444444444444,0.0,2026-05-27 03:59:59+00:00,2,4,0.0014168819982773471,0.004502081620370261,0.003956143325421046,0.0
1779854399,checkoutservice,paymentservice,0.016225,334.9277777777777,2.577777777777777,0.0,2026-05-27 03:59:59+00:00,2,6,0.0013975021533161069,0.003174467773652185,0.003856408619738162,0.0
1779854399,checkoutservice,productcatalogservice,0.00805009517424,873.8964678476793,5.333088423063688,0.0,2026-05-27 03:59:59+00:00,2,7,0.000693375984,0.008282848896849531,0.007978410063825755,0.0
1779854399,checkoutservice,shippingservice,0.0061,660.8555555555554,5.177777777777777,0.0,2026-05-27 03:59:59+00:00,2,9,0.000525409130060293,0.006263632948181565,0.007746062141370619,0.0
1779854399,frontend,adservice,0.009907243818268,3524.141846682668,24.845544789166443,0.0,2026-05-27 03:59:59+00:00,5,0,0.0008533371075166237,0.03340205102216368,0.03716944645617623,0.0
1779854399,frontend,cartservice,0.0213641611222971,5177.718742356525,43.035190002890616,0.0,2026-05-27 03:59:59+00:00,5,1,0.001840151690120336,0.049074762916652484,0.06438153013417901,0.0
1779854399,frontend,checkoutservice,0.2149000000000002,634.9444444444443,2.6,0.0,2026-05-27 03:59:59+00:00,5,2,0.018509905254091318,0.006018045712188503,0.0038896535216324576,0.0
1779854399,frontend,currencyservice,0.0194096837944663,24551.3,227.68888888888887,0.0,2026-05-27 03:59:59+00:00,5,3,0.0016718073897042463,0.23269885576041344,0.3406272648089415,0.0
1779854399,frontend,productcatalogservice,0.0096256969202788,37335.538624584166,169.5479475114669,0.0,2026-05-27 03:59:59+00:00,5,7,0.0008290867287061844,0.353868720480767,0.25364721966289705,0.0
1779854399,frontend,recommendationservice,0.0350714285714283,3253.5999999999995,22.8,0.0,2026-05-27 03:59:59+00:00,5,8,0.0030207948812599745,0.030837837389550902,0.03410926934354617,0.0
1779854399,frontend,shippingservice,0.0098658536585365,1224.6055555555554,11.11111111111111,0.0,2026-05-27 03:59:59+00:00,5,9,0.0008497720636121017,0.011606892976568375,0.016622450947147253,0.0
1779854399,recommendationservice,productcatalogservice,0.0096530229756427,18445.75399231301,23.132234200346204,0.0,2026-05-27 03:59:59+00:00,8,7,0.000831440394112205,0.17483008425823948,0.034606298546385916,0.0
1779854414,checkoutservice,cartservice,0.0100003333185191,518.7285012024157,4.3999012389572805,0.0,2026-05-27 04:00:14+00:00,2,1,0.0008613551523272266,0.004916543265738123,0.006582342826517384,0.0
1779854414,checkoutservice,currencyservice,0.02475,756.622222222222,6.155555555555555,0.0,2026-05-27 04:00:14+00:00,2,3,0.0021317829457364345,0.0071713157899586715,0.009208837824719578,0.0
1779854414,checkoutservice,emailservice,0.0099777777777777,461.7611111111111,2.2222222222222223,0.0,2026-05-27 04:00:14+00:00,2,4,0.000859412383960181,0.004376602550179122,0.0033244901894294507,0.0
1779854414,checkoutservice,paymentservice,0.0212125,296.9333333333333,2.155555555555555,0.0,2026-05-27 04:00:14+00:00,2,6,0.0018270887166236002,0.002814353899947949,0.0032247554837465664,0.0
1779854414,checkoutservice,productcatalogservice,0.0090666336565951,603.845537124972,4.000104715745546,0.0,2026-05-27 04:00:14+00:00,2,7,0.0007809331314896728,0.005723288198385146,0.005984238997883947,0.0
1779854414,checkoutservice,shippingservice,0.008,558.8722222222223,4.4,0.0,2026-05-27 04:00:14+00:00,2,9,0.0006890611541774333,0.005297028125899265,0.006582490575070313,0.0
1779854414,frontend,adservice,0.0098183333333333,3578.7,25.22222222222222,0.0,2026-05-27 04:00:14+00:00,5,0,0.0008456790123456762,0.033919156831198005,0.037732963650024265,0.0
1779854414,frontend,cartservice,0.0217500447823472,5242.448997081612,43.06570572172101,0.0,2026-05-27 04:00:14+00:00,5,1,0.0018733888701418777,0.04968828057997817,0.06442718227772276,0.0
1779854414,frontend,checkoutservice,0.2310625,536.7777777777777,2.1777777777777776,0.0,2026-05-27 04:00:14+00:00,5,2,0.0199020241171404,0.005087615510645316,0.0032580003856408613,0.0
1779854414,frontend,currencyservice,0.019545038167939,24653.63333333333,232.77777777777771,0.0,2026-05-27 04:00:14+00:00,5,3,0.0016834658198052542,0.23366877790599494,0.34824034734273485,0.0
1779854414,frontend,productcatalogservice,0.0095772805463389,37465.64556770163,169.24914135678677,0.0,2026-05-27 04:00:14+00:00,5,7,0.0008249164983926701,0.3551018827487495,0.2532001995044982,0.0
1779854414,frontend,recommendationservice,0.0296499999999997,3181.8277777777776,22.33333333333333,0.0,2026-05-27 04:00:14+00:00,5,8,0.0025538329026700865,0.030157575489509227,0.03341112640376597,0.0
1779854414,frontend,shippingservice,0.0097840425531914,1222.405555555555,11.044444444444444,0.0,2026-05-27 04:00:14+00:00,5,9,0.0008427254567778984,0.011586041230116131,0.01652271624146437,0.0
1779854414,recommendationservice,productcatalogservice,0.0095935683103081,17904.863036165425,22.556286579490564,0.0,2026-05-27 04:00:14+00:00,8,7,0.0008263194065726185,0.16970348376919414,0.033744669049564004,0.0
1779854429,checkoutservice,cartservice,0.0167486128401208,559.8776374809809,5.245377121742051,0.0,2026-05-27 04:00:29+00:00,2,1,0.001442602311810577,0.005306557518651469,0.007847192151490111,0.0
1779854429,checkoutservice,currencyservice,0.0300625000000001,689.0222222222221,7.199999999999999,0.0,2026-05-27 04:00:29+00:00,2,3,0.0025893626184323947,0.006530598489880715,0.01077134821375142,0.0
1779854429,checkoutservice,emailservice,0.0099777630303666,439.967618006939,2.422345692731291,0.0,2026-05-27 04:00:29+00:00,2,4,0.0008594111137266668,0.004170042371762366,0.003623879020901339,0.0
1779854429,checkoutservice,paymentservice,0.0191999999999999,330.67222222222216,2.6,0.0,2026-05-27 04:00:29+00:00,2,6,0.0016537467700258313,0.003134133334807699,0.0038896535216324576,0.0
1779854429,checkoutservice,productcatalogservice,0.0091501085424839,801.5666711099261,4.955182321751236,0.0,2026-05-27 04:00:29+00:00,2,7,0.0007881230441415935,0.0075973022684323625,0.007413054756973305,0.0
1779854429,checkoutservice,shippingservice,0.0087222222222222,650.2833333333333,5.199999999999999,0.0,2026-05-27 04:00:29+00:00,2,9,0.0007512680639295608,0.006163428722174963,0.007779307043264913,0.0
1779854429,frontend,adservice,0.0119961538461538,3552.7555555555555,24.97777777777777,0.0,2026-05-27 04:00:29+00:00,5,0,0.0010332604518650992,0.03367325365965263,0.03736726972918702,0.0
1779854429,frontend,cartservice,0.0212308200793571,5142.829273618274,41.696326595135055,0.0,2026-05-27 04:00:29+00:00,5,1,0.0018286666735019038,0.0487440782093873,0.062378562915347754,0.0
1779854429,frontend,checkoutservice,0.2365000000000001,625.3333333333333,2.622222222222222,0.0,2026-05-27 04:00:29+00:00,5,2,0.02037037037037038,0.005926950961273409,0.003922898423526751,0.0
1779854429,frontend,currencyservice,0.0184497695852533,24905.327777777777,229.75555555555556,0.0,2026-05-27 04:00:29+00:00,5,3,0.0015891274405902928,0.23605435460553734,0.34371904068511094,0.0
1779854429,frontend,productcatalogservice,0.0096008003052704,37056.44270861104,166.78884445629313,0.0,2026-05-27 04:00:29+00:00,5,7,0.0008269423174220845,0.3512234308099817,0.24951954469554952,0.0
1779854429,frontend,recommendationservice,0.0393392857142857,3134.45,22.2,0.0,2026-05-27 04:00:29+00:00,5,8,0.00338839670235019,0.02970852575783066,0.03321165699240021,0.0
1779854429,frontend,shippingservice,0.0097920454545454,1181.2444444444443,10.4,0.0,2026-05-27 04:00:29+00:00,5,9,0.0008434147678333679,0.011195913478942762,0.01555861408652983,0.0
1779854429,recommendationservice,productcatalogservice,0.009668259483892,17461.479547676176,22.13175153292455,0.0,2026-05-27 04:00:29+00:00,8,7,0.0008327527548571921,0.16550106554960867,0.033109555880744046,0.0
1779854444,checkoutservice,cartservice,0.0148011552988224,528.5079056505962,4.510617393665605,0.0,2026-05-27 04:00:44+00:00,2,1,0.0012748626441707494,0.0050092331121051135,0.006747976473080014,0.0
1779854444,checkoutservice,currencyservice,0.02466,753.2444444444443,7.022222222222222,0.0,2026-05-27 04:00:44+00:00,2,3,0.002124031007751938,0.007139300987324928,0.010505388998597064,0.0
1779854444,checkoutservice,emailservice,0.009685294117647,458.25,2.2666666666666666,0.0,2026-05-27 04:00:44+00:00,2,4,0.0008342199929067184,0.004343324005336152,0.0033909799932180396,0.0
1779854444,checkoutservice,paymentservice,0.02005,280.28888888888883,2.2888888888888888,0.0,2026-05-27 04:00:44+00:00,2,6,0.001726959517657192,0.0026565967474961446,0.003424224895112334,0.0
1779854444,checkoutservice,productcatalogservice,0.0098582798797985,795.6444073844289,4.822164950210492,0.0,2026-05-27 04:00:44+00:00,2,7,0.0008491197140222654,0.007541170658601737,0.007214058030953402,0.0
1779854444,checkoutservice,shippingservice,0.0085571428571428,572.3388888888888,4.511111111111111,0.0,2026-05-27 04:00:44+00:00,2,9,0.0007370493417004995,0.005424666089031165,0.006748715084541785,0.0
1779854444,frontend,adservice,0.011753846153846,3591.3555555555554,25.6,0.0,2026-05-27 04:00:44+00:00,5,0,0.0010123898495991387,0.034039107029223775,0.038298126982227274,0.0
1779854444,frontend,cartservice,0.021513444309617,5122.264580710459,42.350835616776514,0.0,2026-05-27 04:00:44+00:00,5,1,0.001853009845789578,0.04854916468103187,0.0633577218849508,0.0
1779854444,frontend,checkoutservice,0.2384615384615385,538.5,2.2888888888888888,0.0,2026-05-27 04:00:44+00:00,5,2,0.020539322864904265,0.005103938847514496,0.003424224895112334,0.0
1779854444,frontend,currencyservice,0.0192551867219917,24219.538888888885,227.95555555555552,0.0,2026-05-27 04:00:44+00:00,5,3,0.0016585001483196986,0.22955440186423035,0.341026203631673,0.0
1779854444,frontend,productcatalogservice,0.0097165426945333,37010.78113285627,168.53141868845677,0.0,2026-05-27 04:00:44+00:00,5,7,0.000836911515463678,0.3507906473553234,0.25212647161818075,0.0
1779854444,frontend,recommendationservice,0.0379264705882351,3204.055555555555,22.6,0.0,2026-05-27 04:00:44+00:00,5,8,0.0032667071996757197,0.0303682518469724,0.033810065226497515,0.0
1779854444,frontend,shippingservice,0.0108699999999999,1140.5333333333333,10.599999999999998,0.0,2026-05-27 04:00:44+00:00,5,9,0.0009362618432385789,0.010810050857725533,0.015857818203578476,0.0
1779854444,recommendationservice,productcatalogservice,0.0096566766325282,17793.35582466072,22.355287956759163,0.0,2026-05-27 04:00:44+00:00,8,7,0.0008317550932410164,0.16864661099560663,0.033443970972352285,0.0
1779854459,checkoutservice,cartservice,0.017837908287968,498.289027145132,4.221990149242676,0.0,2026-05-27 04:00:59+00:00,2,1,0.001536426209127304,0.00472281656998374,0.006316184173961277,0.0
1779854459,checkoutservice,currencyservice,0.0218166666666666,686.5833333333333,6.444444444444444,0.0,2026-05-27 04:00:59+00:00,2,3,0.0018791271892047029,0.0065074825386369425,0.009641021549345406,0.0
1779854459,checkoutservice,emailservice,0.0096083333333333,395.19999999999993,2.155555555555555,0.0,2026-05-27 04:00:59+00:00,2,4,0.0008275911570485186,0.0037457319081480563,0.0032247554837465664,0.0
1779854459,checkoutservice,paymentservice,0.0108999999999999,278.75,2.155555555555555,0.0,2026-05-27 04:00:59+00:00,2,6,0.0009388458225667442,0.002642011056164653,0.0032247554837465664,0.0
1779854459,checkoutservice,productcatalogservice,0.0101494816679798,764.8068398366372,4.222124462374179,0.0,2026-05-27 04:00:59+00:00,2,7,0.0008742016940551077,0.00724889014055155,0.006316385109170874,0.0
1779854459,checkoutservice,shippingservice,0.0084333333333333,523.3,4.177777777777777,0.0,2026-05-27 04:00:59+00:00,2,9,0.000726385300028708,0.004959872235662647,0.006250041556127367,0.0
1779854459,frontend,adservice,0.00998,3616.044444444444,25.62222222222222,0.0,2026-05-27 04:00:59+00:00,5,0,0.0008596037898363479,0.034273109961632256,0.038331371884121564,0.0
1779854459,frontend,cartservice,0.0211186484384593,5051.203910676591,41.88656322137046,0.0,2026-05-27 04:00:59+00:00,5,1,0.0018190050334590268,0.04787564691999887,0.06266316082426314,0.0
1779854459,frontend,checkoutservice,0.2224000000000002,484.83333333333326,2.133333333333333,0.0,2026-05-27 04:00:59+00:00,5,2,0.019155900086132664,0.004595282608300732,0.003191510581852272,0.0
1779854459,frontend,currencyservice,0.0189798206278027,24069.75,226.17777777777772,0.0,2026-05-27 04:00:59+00:00,5,3,0.001634782138484298,0.2281346928040149,0.3383666114801294,0.0
1779854459,frontend,productcatalogservice,0.0096838595604046,36351.3377933448,165.39718824943887,0.0,2026-05-27 04:00:59+00:00,5,7,0.0008340964306980707,0.3445403994848178,0.247437598362514,0.0
1779854459,frontend,recommendationservice,0.0400499999999999,3142.611111111111,22.24444444444444,0.0,2026-05-27 04:00:59+00:00,5,8,0.0034496124031007666,0.02978587731222041,0.0332781467961888,0.0
1779854459,frontend,shippingservice,0.0137,1104.5611111111111,10.2,0.0,2026-05-27 04:00:59+00:00,5,9,0.0011800172265288545,0.010469103740861236,0.015259409969481177,0.0
1779854459,recommendationservice,productcatalogservice,0.0096405896010692,17541.7971153631,22.155252914001768,0.0,2026-05-27 04:00:59+00:00,8,7,0.0008303694746829629,0.16626232080282163,0.03314471443061721,0.0
1779854474,checkoutservice,cartservice,0.0217903663355999,566.5444453082005,4.443309222200011,0.0,2026-05-27 04:01:14+00:00,2,1,0.0018768618721446944,0.0053697459670419235,0.006647282063012403,0.0
1779854474,checkoutservice,currencyservice,0.0196374999999999,635.4555555555555,6.577777777777777,0.0,2026-05-27 04:01:14+00:00,2,3,0.0016914298018949098,0.006022890057323873,0.009840490960711172,0.0
1779854474,checkoutservice,emailservice,0.0103000000000001,397.9722222222222,2.311111111111111,0.0,2026-05-27 04:01:14+00:00,2,4,0.0008871662360034541,0.0037720072149148957,0.0034574697970066286,0.0
1779854474,checkoutservice,paymentservice,0.0096321428571428,301.6944444444444,2.222222222222222,0.0,2026-05-27 04:01:14+00:00,2,6,0.0008296419342930921,0.002859480028002421,0.0033244901894294502,0.0
1779854474,checkoutservice,productcatalogservice,0.0075250244449876,745.672700134077,4.488915062310026,0.0,2026-05-27 04:01:14+00:00,2,7,0.0006481502536595694,0.007067535490706301,0.006715509338624298,0.0
1779854474,checkoutservice,shippingservice,0.0078999999999999,588.4333333333333,4.488888888888889,0.0,2026-05-27 04:01:14+00:00,2,9,0.0006804478897502067,0.005577210304869909,0.00671547018264749,0.0
1779854474,frontend,adservice,0.0099127221186902,3481.560888158057,24.75500841937889,0.0,2026-05-27 04:01:14+00:00,5,0,0.0008538089680181052,0.03299846586268705,0.037034002183260854,0.0
1779854474,frontend,cartservice,0.020057530638423,5114.768923784633,41.98928350201256,0.0,2026-05-27 04:01:14+00:00,5,1,0.0017276081514576228,0.048478120345709,0.0628168324786257,0.0
1779854474,frontend,checkoutservice,0.1989999999999997,545.6666666666665,2.222222222222222,0.0,2026-05-27 04:01:14+00:00,5,2,0.01714039621016363,0.005171864991260431,0.0033244901894294502,0.0
1779854474,frontend,currencyservice,0.0190216216216216,24075.08333333333,228.68888888888887,0.0,2026-05-27 04:01:14+00:00,5,3,0.0016383825686151251,0.22818524249238392,0.34212328539418474,0.0
1779854474,frontend,productcatalogservice,0.0097429749829972,36635.065626520096,167.82316199619248,0.0,2026-05-27 04:01:14+00:00,5,7,0.0008391881983632386,0.3472295907751883,0.2510669050269171,0.0
1779854474,frontend,recommendationservice,0.0371124999999998,3246.7111111111108,22.62222222222222,0.0,2026-05-27 04:01:14+00:00,5,8,0.0031965977605512316,0.030772544042074187,0.033843310128391806,0.0
1779854474,frontend,shippingservice,0.0127999999999999,1211.2166666666665,10.977777777777776,0.0,2026-05-27 04:01:14+00:00,5,9,0.0011024978466838847,0.011479992196391856,0.016422981535781485,0.0
1779854474,recommendationservice,productcatalogservice,0.0096374963888086,17976.380152768827,22.6890044470124,0.0,2026-05-27 04:01:14+00:00,8,7,0.0008301030481316624,0.17038132776119846,0.03394321771140626,0.0
1779854489,checkoutservice,cartservice,0.0222753672203433,572.4157678667941,4.709885071087124,0.0,2026-05-27 04:01:29+00:00,2,1,0.0019186362808219898,0.005425394753101523,0.0070460850204762185,0.0
1779854489,checkoutservice,currencyservice,0.0193375,698.211111111111,6.844444444444443,0.0,2026-05-27 04:01:29+00:00,2,3,0.0016655900086132646,0.006617691390466591,0.010239429783442706,0.0
1779854489,checkoutservice,emailservice,0.009990625,420.17222222222216,2.444444444444444,0.0,2026-05-27 04:01:29+00:00,2,4,0.0008605189491817398,0.0039824202927511475,0.0036569392083723954,0.0
1779854489,checkoutservice,paymentservice,0.0099777777777777,313.6222222222222,2.311111111111111,0.0,2026-05-27 04:01:29+00:00,2,6,0.000859412383960181,0.0029725322998028296,0.0034574697970066286,0.0
1779854489,checkoutservice,productcatalogservice,0.0066331836695251,779.9758468676,4.311289918646258,0.0,2026-05-27 04:01:29+00:00,2,7,0.0005713336493992334,0.007392662998979687,0.006449778467246511,0.0
1779854489,checkoutservice,shippingservice,0.0082166666666666,603.6499999999999,4.71111111111111,0.0,2026-05-27 04:01:29+00:00,2,9,0.0007077232271030663,0.00572143488449791,0.007047919201590434,0.0
1779854489,frontend,adservice,0.0125227272727272,3513.9888888888886,24.488888888888887,0.0,2026-05-27 04:01:29+00:00,5,0,0.0010786156134993282,0.03330582061231996,0.036635881887512545,0.0
