timestamp,src_service,dst_service,network_latency_seconds,payload_size_bytes,edge_request_rate_rps,edge_error_rate_ratio,time,src_id,dst_id,network_latency_seconds_norm,payload_size_bytes_norm,edge_request_rate_rps_norm,edge_error_rate_ratio_norm
1779863675,checkoutservice,cartservice,0.0,0.0,0.0,0.0,2026-05-27 06:34:35+00:00,2,1,0.0,0.0,0.0,0.0
1779863675,checkoutservice,currencyservice,0.0,0.0,0.0,0.0,2026-05-27 06:34:35+00:00,2,3,0.0,0.0,0.0,0.0
1779863675,checkoutservice,emailservice,0.0,0.0,0.0,0.0,2026-05-27 06:34:35+00:00,2,4,0.0,0.0,0.0,0.0
1779863675,checkoutservice,paymentservice,0.0,0.0,0.0,0.0,2026-05-27 06:34:35+00:00,2,6,0.0,0.0,0.0,0.0
1779863675,checkoutservice,productcatalogservice,0.0,0.0,0.0,0.0,2026-05-27 06:34:35+00:00,2,7,0.0,0.0,0.0,0.0
1779863675,checkoutservice,shippingservice,0.0,0.0,0.0,0.0,2026-05-27 06:34:35+00:00,2,9,0.0,0.0,0.0,0.0
1779863675,frontend,adservice,0.0,0.0,0.0,0.0,2026-05-27 06:34:35+00:00,5,0,0.0,0.0,0.0,0.0
1779863675,frontend,cartservice,0.0,0.0,0.0,0.0,2026-05-27 06:34:35+00:00,5,1,0.0,0.0,0.0,0.0
1779863675,frontend,checkoutservice,0.0,0.0,0.0,0.0,2026-05-27 06:34:35+00:00,5,2,0.0,0.0,0.0,0.0
1779863675,frontend,currencyservice,0.0,0.0,0.0,0.0,2026-05-27 06:34:35+00:00,5,3,0.0,0.0,0.0,0.0
1779863675,frontend,productcatalogservice,0.0,0.0,0.0,0.0,2026-05-27 06:34:35+00:00,5,7,0.0,0.0,0.0,0.0
1779863675,frontend,recommendationservice,0.0,0.0,0.0,0.0,2026-05-27 06:34:35+00:00,5,8,0.0,0.0,0.0,0.0
1779863675,frontend,shippingservice,0.0,0.0,0.0,0.0,2026-05-27 06:34:35+00:00,5,9,0.0,0.0,0.0,0.0
1779863675,recommendationservice,productcatalogservice,0.0,0.0,0.0,0.0,2026-05-27 06:34:35+00:00,8,7,0.0,0.0,0.0,0.0
1779863690,checkoutservice,cartservice,0.0,0.0,0.0,0.0,2026-05-27 06:34:50+00:00,2,1,0.0,0.0,0.0,0.0
1779863690,checkoutservice,currencyservice,0.0,0.0,0.0,0.0,2026-05-27 06:34:50+00:00,2,3,0.0,0.0,0.0,0.0
1779863690,checkoutservice,emailservice,0.0,0.0,0.0,0.0,2026-05-27 06:34:50+00:00,2,4,0.0,0.0,0.0,0.0
1779863690,checkoutservice,paymentservice,0.0,0.0,0.0,0.0,2026-05-27 06:34:50+00:00,2,6,0.0,0.0,0.0,0.0
1779863690,checkoutservice,productcatalogservice,0.0,0.0,0.0,0.0,2026-05-27 06:34:50+00:00,2,7,0.0,0.0,0.0,0.0
1779863690,checkoutservice,shippingservice,0.0,0.0,0.0,0.0,2026-05-27 06:34:50+00:00,2,9,0.0,0.0,0.0,0.0
1779863690,frontend,adservice,0.0,0.0,0.0,0.0,2026-05-27 06:34:50+00:00,5,0,0.0,0.0,0.0,0.0
1779863690,frontend,cartservice,0.0,0.0,0.0,0.0,2026-05-27 06:34:50+00:00,5,1,0.0,0.0,0.0,0.0
1779863690,frontend,checkoutservice,0.0,0.0,0.0,0.0,2026-05-27 06:34:50+00:00,5,2,0.0,0.0,0.0,0.0
1779863690,frontend,currencyservice,0.0,0.0,0.0,0.0,2026-05-27 06:34:50+00:00,5,3,0.0,0.0,0.0,0.0
1779863690,frontend,productcatalogservice,0.0,0.0,0.0,0.0,2026-05-27 06:34:50+00:00,5,7,0.0,0.0,0.0,0.0
1779863690,frontend,recommendationservice,0.0,0.0,0.0,0.0,2026-05-27 06:34:50+00:00,5,8,0.0,0.0,0.0,0.0
1779863690,frontend,shippingservice,0.0,0.0,0.0,0.0,2026-05-27 06:34:50+00:00,5,9,0.0,0.0,0.0,0.0
1779863690,recommendationservice,productcatalogservice,0.0,0.0,0.0,0.0,2026-05-27 06:34:50+00:00,8,7,0.0,0.0,0.0,0.0
1779863705,checkoutservice,cartservice,0.0,0.0,0.0,0.0,2026-05-27 06:35:05+00:00,2,1,0.0,0.0,0.0,0.0
1779863705,checkoutservice,currencyservice,0.0,0.0,0.0,0.0,2026-05-27 06:35:05+00:00,2,3,0.0,0.0,0.0,0.0
1779863705,checkoutservice,emailservice,0.0,0.0,0.0,0.0,2026-05-27 06:35:05+00:00,2,4,0.0,0.0,0.0,0.0
1779863705,checkoutservice,paymentservice,0.0,0.0,0.0,0.0,2026-05-27 06:35:05+00:00,2,6,0.0,0.0,0.0,0.0
1779863705,checkoutservice,productcatalogservice,0.0,0.0,0.0,0.0,2026-05-27 06:35:05+00:00,2,7,0.0,0.0,0.0,0.0
1779863705,checkoutservice,shippingservice,0.0,0.0,0.0,0.0,2026-05-27 06:35:05+00:00,2,9,0.0,0.0,0.0,0.0
1779863705,frontend,adservice,0.0,0.0,0.0,0.0,2026-05-27 06:35:05+00:00,5,0,0.0,0.0,0.0,0.0
1779863705,frontend,cartservice,0.0,0.0,0.0,0.0,2026-05-27 06:35:05+00:00,5,1,0.0,0.0,0.0,0.0
1779863705,frontend,checkoutservice,0.0,0.0,0.0,0.0,2026-05-27 06:35:05+00:00,5,2,0.0,0.0,0.0,0.0
1779863705,frontend,currencyservice,0.0,0.0,0.0,0.0,2026-05-27 06:35:05+00:00,5,3,0.0,0.0,0.0,0.0
1779863705,frontend,productcatalogservice,0.0,0.0,0.0,0.0,2026-05-27 06:35:05+00:00,5,7,0.0,0.0,0.0,0.0
1779863705,frontend,recommendationservice,0.0,0.0,0.0,0.0,2026-05-27 06:35:05+00:00,5,8,0.0,0.0,0.0,0.0
1779863705,frontend,shippingservice,0.0,0.0,0.0,0.0,2026-05-27 06:35:05+00:00,5,9,0.0,0.0,0.0,0.0
1779863705,recommendationservice,productcatalogservice,0.0,0.0,0.0,0.0,2026-05-27 06:35:05+00:00,8,7,0.0,0.0,0.0,0.0
1779863720,checkoutservice,cartservice,0.0,0.0,0.0,0.0,2026-05-27 06:35:20+00:00,2,1,0.0,0.0,0.0,0.0
1779863720,checkoutservice,currencyservice,0.0,0.0,0.0,0.0,2026-05-27 06:35:20+00:00,2,3,0.0,0.0,0.0,0.0
1779863720,checkoutservice,emailservice,0.0,0.0,0.0,0.0,2026-05-27 06:35:20+00:00,2,4,0.0,0.0,0.0,0.0
1779863720,checkoutservice,paymentservice,0.0,0.0,0.0,0.0,2026-05-27 06:35:20+00:00,2,6,0.0,0.0,0.0,0.0
1779863720,checkoutservice,productcatalogservice,0.0,0.0,0.0,0.0,2026-05-27 06:35:20+00:00,2,7,0.0,0.0,0.0,0.0
1779863720,checkoutservice,shippingservice,0.0,0.0,0.0,0.0,2026-05-27 06:35:20+00:00,2,9,0.0,0.0,0.0,0.0
1779863720,frontend,adservice,0.0,0.0,0.0,0.0,2026-05-27 06:35:20+00:00,5,0,0.0,0.0,0.0,0.0
1779863720,frontend,cartservice,0.0,0.0,0.0,0.0,2026-05-27 06:35:20+00:00,5,1,0.0,0.0,0.0,0.0
1779863720,frontend,checkoutservice,0.0,0.0,0.0,0.0,2026-05-27 06:35:20+00:00,5,2,0.0,0.0,0.0,0.0
1779863720,frontend,currencyservice,0.0,0.0,0.0,0.0,2026-05-27 06:35:20+00:00,5,3,0.0,0.0,0.0,0.0
1779863720,frontend,productcatalogservice,0.0,0.0,0.0,0.0,2026-05-27 06:35:20+00:00,5,7,0.0,0.0,0.0,0.0
1779863720,frontend,recommendationservice,0.0,0.0,0.0,0.0,2026-05-27 06:35:20+00:00,5,8,0.0,0.0,0.0,0.0
1779863720,frontend,shippingservice,0.0,0.0,0.0,0.0,2026-05-27 06:35:20+00:00,5,9,0.0,0.0,0.0,0.0
1779863720,recommendationservice,productcatalogservice,0.0,0.0,0.0,0.0,2026-05-27 06:35:20+00:00,8,7,0.0,0.0,0.0,0.0
1779863735,checkoutservice,cartservice,0.0,0.0,0.0,0.0,2026-05-27 06:35:35+00:00,2,1,0.0,0.0,0.0,0.0
1779863735,checkoutservice,currencyservice,0.0,0.0,0.0,0.0,2026-05-27 06:35:35+00:00,2,3,0.0,0.0,0.0,0.0
1779863735,checkoutservice,emailservice,0.0,0.0,0.0,0.0,2026-05-27 06:35:35+00:00,2,4,0.0,0.0,0.0,0.0
1779863735,checkoutservice,paymentservice,0.0,0.0,0.0,0.0,2026-05-27 06:35:35+00:00,2,6,0.0,0.0,0.0,0.0
1779863735,checkoutservice,productcatalogservice,0.0,0.0,0.0,0.0,2026-05-27 06:35:35+00:00,2,7,0.0,0.0,0.0,0.0
1779863735,checkoutservice,shippingservice,0.0,0.0,0.0,0.0,2026-05-27 06:35:35+00:00,2,9,0.0,0.0,0.0,0.0
1779863735,frontend,adservice,0.0,0.0,0.0,0.0,2026-05-27 06:35:35+00:00,5,0,0.0,0.0,0.0,0.0
1779863735,frontend,cartservice,0.0,0.0,0.0,0.0,2026-05-27 06:35:35+00:00,5,1,0.0,0.0,0.0,0.0
1779863735,frontend,checkoutservice,0.0,0.0,0.0,0.0,2026-05-27 06:35:35+00:00,5,2,0.0,0.0,0.0,0.0
1779863735,frontend,currencyservice,0.0,0.0,0.0,0.0,2026-05-27 06:35:35+00:00,5,3,0.0,0.0,0.0,0.0
1779863735,frontend,productcatalogservice,0.0,0.0,0.0,0.0,2026-05-27 06:35:35+00:00,5,7,0.0,0.0,0.0,0.0
1779863735,frontend,recommendationservice,0.0,0.0,0.0,0.0,2026-05-27 06:35:35+00:00,5,8,0.0,0.0,0.0,0.0
1779863735,frontend,shippingservice,0.0,0.0,0.0,0.0,2026-05-27 06:35:35+00:00,5,9,0.0,0.0,0.0,0.0
1779863735,recommendationservice,productcatalogservice,0.0,0.0,0.0,0.0,2026-05-27 06:35:35+00:00,8,7,0.0,0.0,0.0,0.0
1779863750,checkoutservice,cartservice,0.0,0.0,0.0,0.0,2026-05-27 06:35:50+00:00,2,1,0.0,0.0,0.0,0.0
1779863750,checkoutservice,currencyservice,0.0,0.0,0.0,0.0,2026-05-27 06:35:50+00:00,2,3,0.0,0.0,0.0,0.0
1779863750,checkoutservice,emailservice,0.0,0.0,0.0,0.0,2026-05-27 06:35:50+00:00,2,4,0.0,0.0,0.0,0.0
1779863750,checkoutservice,paymentservice,0.0,0.0,0.0,0.0,2026-05-27 06:35:50+00:00,2,6,0.0,0.0,0.0,0.0
1779863750,checkoutservice,productcatalogservice,0.0,0.0,0.0,0.0,2026-05-27 06:35:50+00:00,2,7,0.0,0.0,0.0,0.0
1779863750,checkoutservice,shippingservice,0.0,0.0,0.0,0.0,2026-05-27 06:35:50+00:00,2,9,0.0,0.0,0.0,0.0
1779863750,frontend,adservice,0.0,0.0,0.0,0.0,2026-05-27 06:35:50+00:00,5,0,0.0,0.0,0.0,0.0
1779863750,frontend,cartservice,0.0,0.0,0.0,0.0,2026-05-27 06:35:50+00:00,5,1,0.0,0.0,0.0,0.0
1779863750,frontend,checkoutservice,0.0,0.0,0.0,0.0,2026-05-27 06:35:50+00:00,5,2,0.0,0.0,0.0,0.0
1779863750,frontend,currencyservice,0.0,0.0,0.0,0.0,2026-05-27 06:35:50+00:00,5,3,0.0,0.0,0.0,0.0
1779863750,frontend,productcatalogservice,0.0,0.0,0.0,0.0,2026-05-27 06:35:50+00:00,5,7,0.0,0.0,0.0,0.0
1779863750,frontend,recommendationservice,0.0,0.0,0.0,0.0,2026-05-27 06:35:50+00:00,5,8,0.0,0.0,0.0,0.0
1779863750,frontend,shippingservice,0.0,0.0,0.0,0.0,2026-05-27 06:35:50+00:00,5,9,0.0,0.0,0.0,0.0
1779863750,recommendationservice,productcatalogservice,0.0,0.0,0.0,0.0,2026-05-27 06:35:50+00:00,8,7,0.0,0.0,0.0,0.0
1779863765,checkoutservice,cartservice,0.0,0.0,0.0,0.0,2026-05-27 06:36:05+00:00,2,1,0.0,0.0,0.0,0.0
1779863765,checkoutservice,currencyservice,0.0,0.0,0.0,0.0,2026-05-27 06:36:05+00:00,2,3,0.0,0.0,0.0,0.0
1779863765,checkoutservice,emailservice,0.0,0.0,0.0,0.0,2026-05-27 06:36:05+00:00,2,4,0.0,0.0,0.0,0.0
1779863765,checkoutservice,paymentservice,0.0,0.0,0.0,0.0,2026-05-27 06:36:05+00:00,2,6,0.0,0.0,0.0,0.0
1779863765,checkoutservice,productcatalogservice,0.0,0.0,0.0,0.0,2026-05-27 06:36:05+00:00,2,7,0.0,0.0,0.0,0.0
1779863765,checkoutservice,shippingservice,0.0,0.0,0.0,0.0,2026-05-27 06:36:05+00:00,2,9,0.0,0.0,0.0,0.0
1779863765,frontend,adservice,0.0,0.0,0.0,0.0,2026-05-27 06:36:05+00:00,5,0,0.0,0.0,0.0,0.0
1779863765,frontend,cartservice,0.0,0.0,0.0,0.0,2026-05-27 06:36:05+00:00,5,1,0.0,0.0,0.0,0.0
1779863765,frontend,checkoutservice,0.0,0.0,0.0,0.0,2026-05-27 06:36:05+00:00,5,2,0.0,0.0,0.0,0.0
1779863765,frontend,currencyservice,0.0,0.0,0.0,0.0,2026-05-27 06:36:05+00:00,5,3,0.0,0.0,0.0,0.0
1779863765,frontend,productcatalogservice,0.0,0.0,0.0,0.0,2026-05-27 06:36:05+00:00,5,7,0.0,0.0,0.0,0.0
1779863765,frontend,recommendationservice,0.0,0.0,0.0,0.0,2026-05-27 06:36:05+00:00,5,8,0.0,0.0,0.0,0.0
1779863765,frontend,shippingservice,0.0,0.0,0.0,0.0,2026-05-27 06:36:05+00:00,5,9,0.0,0.0,0.0,0.0
1779863765,recommendationservice,productcatalogservice,0.0,0.0,0.0,0.0,2026-05-27 06:36:05+00:00,8,7,0.0,0.0,0.0,0.0
1779863780,checkoutservice,cartservice,0.0,0.0,0.0,0.0,2026-05-27 06:36:20+00:00,2,1,0.0,0.0,0.0,0.0
1779863780,checkoutservice,currencyservice,0.0,0.0,0.0,0.0,2026-05-27 06:36:20+00:00,2,3,0.0,0.0,0.0,0.0
1779863780,checkoutservice,emailservice,0.0,0.0,0.0,0.0,2026-05-27 06:36:20+00:00,2,4,0.0,0.0,0.0,0.0
1779863780,checkoutservice,paymentservice,0.0,0.0,0.0,0.0,2026-05-27 06:36:20+00:00,2,6,0.0,0.0,0.0,0.0
1779863780,checkoutservice,productcatalogservice,0.0,0.0,0.0,0.0,2026-05-27 06:36:20+00:00,2,7,0.0,0.0,0.0,0.0
1779863780,checkoutservice,shippingservice,0.0,0.0,0.0,0.0,2026-05-27 06:36:20+00:00,2,9,0.0,0.0,0.0,0.0
1779863780,frontend,adservice,0.0,0.0,0.0,0.0,2026-05-27 06:36:20+00:00,5,0,0.0,0.0,0.0,0.0
1779863780,frontend,cartservice,0.0,0.0,0.0,0.0,2026-05-27 06:36:20+00:00,5,1,0.0,0.0,0.0,0.0
1779863780,frontend,checkoutservice,0.0,0.0,0.0,0.0,2026-05-27 06:36:20+00:00,5,2,0.0,0.0,0.0,0.0
1779863780,frontend,currencyservice,0.0,0.0,0.0,0.0,2026-05-27 06:36:20+00:00,5,3,0.0,0.0,0.0,0.0
1779863780,frontend,productcatalogservice,0.0,0.0,0.0,0.0,2026-05-27 06:36:20+00:00,5,7,0.0,0.0,0.0,0.0
1779863780,frontend,recommendationservice,0.0,0.0,0.0,0.0,2026-05-27 06:36:20+00:00,5,8,0.0,0.0,0.0,0.0
1779863780,frontend,shippingservice,0.0,0.0,0.0,0.0,2026-05-27 06:36:20+00:00,5,9,0.0,0.0,0.0,0.0
1779863780,recommendationservice,productcatalogservice,0.0,0.0,0.0,0.0,2026-05-27 06:36:20+00:00,8,7,0.0,0.0,0.0,0.0
1779863795,checkoutservice,cartservice,0.0,0.0,0.0,0.0,2026-05-27 06:36:35+00:00,2,1,0.0,0.0,0.0,0.0
1779863795,checkoutservice,currencyservice,0.0,0.0,0.0,0.0,2026-05-27 06:36:35+00:00,2,3,0.0,0.0,0.0,0.0
1779863795,checkoutservice,emailservice,0.0,0.0,0.0,0.0,2026-05-27 06:36:35+00:00,2,4,0.0,0.0,0.0,0.0
1779863795,checkoutservice,paymentservice,0.0,0.0,0.0,0.0,2026-05-27 06:36:35+00:00,2,6,0.0,0.0,0.0,0.0
1779863795,checkoutservice,productcatalogservice,0.0,0.0,0.0,0.0,2026-05-27 06:36:35+00:00,2,7,0.0,0.0,0.0,0.0
1779863795,checkoutservice,shippingservice,0.0,0.0,0.0,0.0,2026-05-27 06:36:35+00:00,2,9,0.0,0.0,0.0,0.0
1779863795,frontend,adservice,0.0,0.0,0.0,0.0,2026-05-27 06:36:35+00:00,5,0,0.0,0.0,0.0,0.0
1779863795,frontend,cartservice,0.0,0.0,0.0,0.0,2026-05-27 06:36:35+00:00,5,1,0.0,0.0,0.0,0.0
1779863795,frontend,checkoutservice,0.0,0.0,0.0,0.0,2026-05-27 06:36:35+00:00,5,2,0.0,0.0,0.0,0.0
1779863795,frontend,currencyservice,0.0,0.0,0.0,0.0,2026-05-27 06:36:35+00:00,5,3,0.0,0.0,0.0,0.0
1779863795,frontend,productcatalogservice,0.0,0.0,0.0,0.0,2026-05-27 06:36:35+00:00,5,7,0.0,0.0,0.0,0.0
1779863795,frontend,recommendationservice,0.0,0.0,0.0,0.0,2026-05-27 06:36:35+00:00,5,8,0.0,0.0,0.0,0.0
1779863795,frontend,shippingservice,0.0,0.0,0.0,0.0,2026-05-27 06:36:35+00:00,5,9,0.0,0.0,0.0,0.0
1779863795,recommendationservice,productcatalogservice,0.0,0.0,0.0,0.0,2026-05-27 06:36:35+00:00,8,7,0.0,0.0,0.0,0.0
1779863810,checkoutservice,cartservice,0.0,0.0,0.0,0.0,2026-05-27 06:36:50+00:00,2,1,0.0,0.0,0.0,0.0
1779863810,checkoutservice,currencyservice,0.0,0.0,0.0,0.0,2026-05-27 06:36:50+00:00,2,3,0.0,0.0,0.0,0.0
1779863810,checkoutservice,emailservice,0.0,0.0,0.0,0.0,2026-05-27 06:36:50+00:00,2,4,0.0,0.0,0.0,0.0
1779863810,checkoutservice,paymentservice,0.0,0.0,0.0,0.0,2026-05-27 06:36:50+00:00,2,6,0.0,0.0,0.0,0.0
1779863810,checkoutservice,productcatalogservice,0.0,0.0,0.0,0.0,2026-05-27 06:36:50+00:00,2,7,0.0,0.0,0.0,0.0
1779863810,checkoutservice,shippingservice,0.0,0.0,0.0,0.0,2026-05-27 06:36:50+00:00,2,9,0.0,0.0,0.0,0.0
1779863810,frontend,adservice,0.0,0.0,0.0,0.0,2026-05-27 06:36:50+00:00,5,0,0.0,0.0,0.0,0.0
1779863810,frontend,cartservice,0.0,0.0,0.0,0.0,2026-05-27 06:36:50+00:00,5,1,0.0,0.0,0.0,0.0
1779863810,frontend,checkoutservice,0.0,0.0,0.0,0.0,2026-05-27 06:36:50+00:00,5,2,0.0,0.0,0.0,0.0
1779863810,frontend,currencyservice,0.0,0.0,0.0,0.0,2026-05-27 06:36:50+00:00,5,3,0.0,0.0,0.0,0.0
1779863810,frontend,productcatalogservice,0.0,0.0,0.0,0.0,2026-05-27 06:36:50+00:00,5,7,0.0,0.0,0.0,0.0
1779863810,frontend,recommendationservice,0.0,0.0,0.0,0.0,2026-05-27 06:36:50+00:00,5,8,0.0,0.0,0.0,0.0
1779863810,frontend,shippingservice,0.0,0.0,0.0,0.0,2026-05-27 06:36:50+00:00,5,9,0.0,0.0,0.0,0.0
1779863810,recommendationservice,productcatalogservice,0.0,0.0,0.0,0.0,2026-05-27 06:36:50+00:00,8,7,0.0,0.0,0.0,0.0
1779863825,checkoutservice,cartservice,0.0,0.0,0.0,0.0,2026-05-27 06:37:05+00:00,2,1,0.0,0.0,0.0,0.0
1779863825,checkoutservice,currencyservice,0.0,0.0,0.0,0.0,2026-05-27 06:37:05+00:00,2,3,0.0,0.0,0.0,0.0
1779863825,checkoutservice,emailservice,0.0,0.0,0.0,0.0,2026-05-27 06:37:05+00:00,2,4,0.0,0.0,0.0,0.0
1779863825,checkoutservice,paymentservice,0.0,0.0,0.0,0.0,2026-05-27 06:37:05+00:00,2,6,0.0,0.0,0.0,0.0
1779863825,checkoutservice,productcatalogservice,0.0,0.0,0.0,0.0,2026-05-27 06:37:05+00:00,2,7,0.0,0.0,0.0,0.0
1779863825,checkoutservice,shippingservice,0.0,0.0,0.0,0.0,2026-05-27 06:37:05+00:00,2,9,0.0,0.0,0.0,0.0
1779863825,frontend,adservice,0.0,0.0,0.0,0.0,2026-05-27 06:37:05+00:00,5,0,0.0,0.0,0.0,0.0
1779863825,frontend,cartservice,0.0,0.0,0.0,0.0,2026-05-27 06:37:05+00:00,5,1,0.0,0.0,0.0,0.0
1779863825,frontend,checkoutservice,0.0,0.0,0.0,0.0,2026-05-27 06:37:05+00:00,5,2,0.0,0.0,0.0,0.0
1779863825,frontend,currencyservice,0.0,0.0,0.0,0.0,2026-05-27 06:37:05+00:00,5,3,0.0,0.0,0.0,0.0
1779863825,frontend,productcatalogservice,0.0,0.0,0.0,0.0,2026-05-27 06:37:05+00:00,5,7,0.0,0.0,0.0,0.0
1779863825,frontend,recommendationservice,0.0,0.0,0.0,0.0,2026-05-27 06:37:05+00:00,5,8,0.0,0.0,0.0,0.0
1779863825,frontend,shippingservice,0.0,0.0,0.0,0.0,2026-05-27 06:37:05+00:00,5,9,0.0,0.0,0.0,0.0
1779863825,recommendationservice,productcatalogservice,0.0,0.0,0.0,0.0,2026-05-27 06:37:05+00:00,8,7,0.0,0.0,0.0,0.0
1779863840,checkoutservice,cartservice,0.0,0.0,0.0,0.0,2026-05-27 06:37:20+00:00,2,1,0.0,0.0,0.0,0.0
1779863840,checkoutservice,currencyservice,0.0,0.0,0.0,0.0,2026-05-27 06:37:20+00:00,2,3,0.0,0.0,0.0,0.0
1779863840,checkoutservice,emailservice,0.0,0.0,0.0,0.0,2026-05-27 06:37:20+00:00,2,4,0.0,0.0,0.0,0.0
1779863840,checkoutservice,paymentservice,0.0,0.0,0.0,0.0,2026-05-27 06:37:20+00:00,2,6,0.0,0.0,0.0,0.0
1779863840,checkoutservice,productcatalogservice,0.0,0.0,0.0,0.0,2026-05-27 06:37:20+00:00,2,7,0.0,0.0,0.0,0.0
1779863840,checkoutservice,shippingservice,0.0,0.0,0.0,0.0,2026-05-27 06:37:20+00:00,2,9,0.0,0.0,0.0,0.0
1779863840,frontend,adservice,0.0,0.0,0.0,0.0,2026-05-27 06:37:20+00:00,5,0,0.0,0.0,0.0,0.0
1779863840,frontend,cartservice,0.0,0.0,0.0,0.0,2026-05-27 06:37:20+00:00,5,1,0.0,0.0,0.0,0.0
1779863840,frontend,checkoutservice,0.0,0.0,0.0,0.0,2026-05-27 06:37:20+00:00,5,2,0.0,0.0,0.0,0.0
1779863840,frontend,currencyservice,0.0,0.0,0.0,0.0,2026-05-27 06:37:20+00:00,5,3,0.0,0.0,0.0,0.0
1779863840,frontend,productcatalogservice,0.0,0.0,0.0,0.0,2026-05-27 06:37:20+00:00,5,7,0.0,0.0,0.0,0.0
1779863840,frontend,recommendationservice,0.0,0.0,0.0,0.0,2026-05-27 06:37:20+00:00,5,8,0.0,0.0,0.0,0.0
1779863840,frontend,shippingservice,0.0,0.0,0.0,0.0,2026-05-27 06:37:20+00:00,5,9,0.0,0.0,0.0,0.0
1779863840,recommendationservice,productcatalogservice,0.0,0.0,0.0,0.0,2026-05-27 06:37:20+00:00,8,7,0.0,0.0,0.0,0.0
1779863855,checkoutservice,cartservice,0.0,0.0,0.0,0.0,2026-05-27 06:37:35+00:00,2,1,0.0,0.0,0.0,0.0
1779863855,checkoutservice,currencyservice,0.0,0.0,0.0,0.0,2026-05-27 06:37:35+00:00,2,3,0.0,0.0,0.0,0.0
1779863855,checkoutservice,emailservice,0.0,0.0,0.0,0.0,2026-05-27 06:37:35+00:00,2,4,0.0,0.0,0.0,0.0
1779863855,checkoutservice,paymentservice,0.0,0.0,0.0,0.0,2026-05-27 06:37:35+00:00,2,6,0.0,0.0,0.0,0.0
1779863855,checkoutservice,productcatalogservice,0.0,0.0,0.0,0.0,2026-05-27 06:37:35+00:00,2,7,0.0,0.0,0.0,0.0
1779863855,checkoutservice,shippingservice,0.0,0.0,0.0,0.0,2026-05-27 06:37:35+00:00,2,9,0.0,0.0,0.0,0.0
1779863855,frontend,adservice,0.0,0.0,0.0,0.0,2026-05-27 06:37:35+00:00,5,0,0.0,0.0,0.0,0.0
1779863855,frontend,cartservice,0.0,0.0,0.0,0.0,2026-05-27 06:37:35+00:00,5,1,0.0,0.0,0.0,0.0
1779863855,frontend,checkoutservice,0.0,0.0,0.0,0.0,2026-05-27 06:37:35+00:00,5,2,0.0,0.0,0.0,0.0
1779863855,frontend,currencyservice,0.0,0.0,0.0,0.0,2026-05-27 06:37:35+00:00,5,3,0.0,0.0,0.0,0.0
1779863855,frontend,productcatalogservice,0.0,0.0,0.0,0.0,2026-05-27 06:37:35+00:00,5,7,0.0,0.0,0.0,0.0
1779863855,frontend,recommendationservice,0.0,0.0,0.0,0.0,2026-05-27 06:37:35+00:00,5,8,0.0,0.0,0.0,0.0
1779863855,frontend,shippingservice,0.0,0.0,0.0,0.0,2026-05-27 06:37:35+00:00,5,9,0.0,0.0,0.0,0.0
1779863855,recommendationservice,productcatalogservice,0.0,0.0,0.0,0.0,2026-05-27 06:37:35+00:00,8,7,0.0,0.0,0.0,0.0
1779863870,checkoutservice,cartservice,0.0,0.0,0.0,0.0,2026-05-27 06:37:50+00:00,2,1,0.0,0.0,0.0,0.0
1779863870,checkoutservice,currencyservice,0.0,0.0,0.0,0.0,2026-05-27 06:37:50+00:00,2,3,0.0,0.0,0.0,0.0
1779863870,checkoutservice,emailservice,0.0,0.0,0.0,0.0,2026-05-27 06:37:50+00:00,2,4,0.0,0.0,0.0,0.0
1779863870,checkoutservice,paymentservice,0.0,0.0,0.0,0.0,2026-05-27 06:37:50+00:00,2,6,0.0,0.0,0.0,0.0
1779863870,checkoutservice,productcatalogservice,0.0,0.0,0.0,0.0,2026-05-27 06:37:50+00:00,2,7,0.0,0.0,0.0,0.0
1779863870,checkoutservice,shippingservice,0.0,0.0,0.0,0.0,2026-05-27 06:37:50+00:00,2,9,0.0,0.0,0.0,0.0
1779863870,frontend,adservice,0.0,0.0,0.0,0.0,2026-05-27 06:37:50+00:00,5,0,0.0,0.0,0.0,0.0
1779863870,frontend,cartservice,0.0,0.0,0.0,0.0,2026-05-27 06:37:50+00:00,5,1,0.0,0.0,0.0,0.0
1779863870,frontend,checkoutservice,0.0,0.0,0.0,0.0,2026-05-27 06:37:50+00:00,5,2,0.0,0.0,0.0,0.0
1779863870,frontend,currencyservice,0.0,0.0,0.0,0.0,2026-05-27 06:37:50+00:00,5,3,0.0,0.0,0.0,0.0
1779863870,frontend,productcatalogservice,0.0,0.0,0.0,0.0,2026-05-27 06:37:50+00:00,5,7,0.0,0.0,0.0,0.0
1779863870,frontend,recommendationservice,0.0,0.0,0.0,0.0,2026-05-27 06:37:50+00:00,5,8,0.0,0.0,0.0,0.0
1779863870,frontend,shippingservice,0.0,0.0,0.0,0.0,2026-05-27 06:37:50+00:00,5,9,0.0,0.0,0.0,0.0
1779863870,recommendationservice,productcatalogservice,0.0,0.0,0.0,0.0,2026-05-27 06:37:50+00:00,8,7,0.0,0.0,0.0,0.0
1779863885,checkoutservice,cartservice,0.0,0.0,0.0,0.0,2026-05-27 06:38:05+00:00,2,1,0.0,0.0,0.0,0.0
1779863885,checkoutservice,currencyservice,0.0,0.0,0.0,0.0,2026-05-27 06:38:05+00:00,2,3,0.0,0.0,0.0,0.0
1779863885,checkoutservice,emailservice,0.0,0.0,0.0,0.0,2026-05-27 06:38:05+00:00,2,4,0.0,0.0,0.0,0.0
1779863885,checkoutservice,paymentservice,0.0,0.0,0.0,0.0,2026-05-27 06:38:05+00:00,2,6,0.0,0.0,0.0,0.0
1779863885,checkoutservice,productcatalogservice,0.0,0.0,0.0,0.0,2026-05-27 06:38:05+00:00,2,7,0.0,0.0,0.0,0.0
1779863885,checkoutservice,shippingservice,0.0,0.0,0.0,0.0,2026-05-27 06:38:05+00:00,2,9,0.0,0.0,0.0,0.0
1779863885,frontend,adservice,0.0,0.0,0.0,0.0,2026-05-27 06:38:05+00:00,5,0,0.0,0.0,0.0,0.0
1779863885,frontend,cartservice,0.0,0.0,0.0,0.0,2026-05-27 06:38:05+00:00,5,1,0.0,0.0,0.0,0.0
1779863885,frontend,checkoutservice,0.0,0.0,0.0,0.0,2026-05-27 06:38:05+00:00,5,2,0.0,0.0,0.0,0.0
1779863885,frontend,currencyservice,0.0,0.0,0.0,0.0,2026-05-27 06:38:05+00:00,5,3,0.0,0.0,0.0,0.0
1779863885,frontend,productcatalogservice,0.0,0.0,0.0,0.0,2026-05-27 06:38:05+00:00,5,7,0.0,0.0,0.0,0.0
1779863885,frontend,recommendationservice,0.0,0.0,0.0,0.0,2026-05-27 06:38:05+00:00,5,8,0.0,0.0,0.0,0.0
1779863885,frontend,shippingservice,0.0,0.0,0.0,0.0,2026-05-27 06:38:05+00:00,5,9,0.0,0.0,0.0,0.0
1779863885,recommendationservice,productcatalogservice,0.0,0.0,0.0,0.0,2026-05-27 06:38:05+00:00,8,7,0.0,0.0,0.0,0.0
1779863900,checkoutservice,cartservice,0.0,0.0,0.0,0.0,2026-05-27 06:38:20+00:00,2,1,0.0,0.0,0.0,0.0
1779863900,checkoutservice,currencyservice,0.0,0.0,0.0,0.0,2026-05-27 06:38:20+00:00,2,3,0.0,0.0,0.0,0.0
1779863900,checkoutservice,emailservice,0.0,0.0,0.0,0.0,2026-05-27 06:38:20+00:00,2,4,0.0,0.0,0.0,0.0
1779863900,checkoutservice,paymentservice,0.0,0.0,0.0,0.0,2026-05-27 06:38:20+00:00,2,6,0.0,0.0,0.0,0.0
1779863900,checkoutservice,productcatalogservice,0.0,0.0,0.0,0.0,2026-05-27 06:38:20+00:00,2,7,0.0,0.0,0.0,0.0
1779863900,checkoutservice,shippingservice,0.0,0.0,0.0,0.0,2026-05-27 06:38:20+00:00,2,9,0.0,0.0,0.0,0.0
1779863900,frontend,adservice,0.0,0.0,0.0,0.0,2026-05-27 06:38:20+00:00,5,0,0.0,0.0,0.0,0.0
1779863900,frontend,cartservice,0.0,0.0,0.0,0.0,2026-05-27 06:38:20+00:00,5,1,0.0,0.0,0.0,0.0
1779863900,frontend,checkoutservice,0.0,0.0,0.0,0.0,2026-05-27 06:38:20+00:00,5,2,0.0,0.0,0.0,0.0
1779863900,frontend,currencyservice,0.0,0.0,0.0,0.0,2026-05-27 06:38:20+00:00,5,3,0.0,0.0,0.0,0.0
1779863900,frontend,productcatalogservice,0.0,0.0,0.0,0.0,2026-05-27 06:38:20+00:00,5,7,0.0,0.0,0.0,0.0
1779863900,frontend,recommendationservice,0.0,0.0,0.0,0.0,2026-05-27 06:38:20+00:00,5,8,0.0,0.0,0.0,0.0
1779863900,frontend,shippingservice,0.0,0.0,0.0,0.0,2026-05-27 06:38:20+00:00,5,9,0.0,0.0,0.0,0.0
1779863900,recommendationservice,productcatalogservice,0.0,0.0,0.0,0.0,2026-05-27 06:38:20+00:00,8,7,0.0,0.0,0.0,0.0
1779863915,checkoutservice,cartservice,0.0,0.0,0.0,0.0,2026-05-27 06:38:35+00:00,2,1,0.0,0.0,0.0,0.0
1779863915,checkoutservice,currencyservice,0.0,0.0,0.0,0.0,2026-05-27 06:38:35+00:00,2,3,0.0,0.0,0.0,0.0
1779863915,checkoutservice,emailservice,0.0,0.0,0.0,0.0,2026-05-27 06:38:35+00:00,2,4,0.0,0.0,0.0,0.0
1779863915,checkoutservice,paymentservice,0.0,0.0,0.0,0.0,2026-05-27 06:38:35+00:00,2,6,0.0,0.0,0.0,0.0
1779863915,checkoutservice,productcatalogservice,0.0,0.0,0.0,0.0,2026-05-27 06:38:35+00:00,2,7,0.0,0.0,0.0,0.0
1779863915,checkoutservice,shippingservice,0.0,0.0,0.0,0.0,2026-05-27 06:38:35+00:00,2,9,0.0,0.0,0.0,0.0
1779863915,frontend,adservice,0.02485,7.333333333333332,0.3555555555555555,0.0,2026-05-27 06:38:35+00:00,5,0,0.0021403962101636522,6.950582150747068e-05,0.0005319184303087121,0.0
1779863915,frontend,cartservice,0.0,0.0,0.0,0.0,2026-05-27 06:38:35+00:00,5,1,0.0,0.0,0.0,0.0
1779863915,frontend,checkoutservice,0.0,0.0,0.0,0.0,2026-05-27 06:38:35+00:00,5,2,0.0,0.0,0.0,0.0
1779863915,frontend,currencyservice,0.0,0.0,0.0,0.0,2026-05-27 06:38:35+00:00,5,3,0.0,0.0,0.0,0.0
1779863915,frontend,productcatalogservice,0.0,0.0,1.8221412381671924,0.0,2026-05-27 06:38:35+00:00,5,7,0.0,0.0,0.0027259608015187484,0.0
1779863915,frontend,recommendationservice,0.0,0.0,0.0,0.0,2026-05-27 06:38:35+00:00,5,8,0.0,0.0,0.0,0.0
1779863915,frontend,shippingservice,0.0,0.0,0.0,0.0,2026-05-27 06:38:35+00:00,5,9,0.0,0.0,0.0,0.0
1779863915,recommendationservice,productcatalogservice,0.0,0.0,0.2666548153415403,0.0,2026-05-27 06:38:35+00:00,8,7,0.0,0.0,0.0003989210929051826,0.0
1779863930,checkoutservice,cartservice,0.02440003332963,7.632785246083767,0.2222172844992531,0.0,2026-05-27 06:38:50+00:00,2,1,0.002101639391010336,7.234404667079373e-05,0.00033244163200773905,0.0
1779863930,checkoutservice,currencyservice,0.009725,36.638888888888886,0.3777777777777777,0.0,2026-05-27 06:38:50+00:00,2,3,0.0008376399655469423,0.0003472658279104312,0.0005651633322030066,0.0
1779863930,checkoutservice,emailservice,0.0244,29.75555555555555,0.2888888888888888,0.0,2026-05-27 06:38:50+00:00,2,4,0.002101636520241172,0.0002820251363591007,0.00043218372462582846,0.0
1779863930,checkoutservice,paymentservice,0.02455,8.216666666666665,0.1999999999999999,0.0,2026-05-27 06:38:50+00:00,2,6,0.002114556416881998,7.787811364359783e-05,0.0002992041170486504,0.0
1779863930,checkoutservice,productcatalogservice,0.0049466666666666,24.498911159504026,0.2444355559505997,0.0,2026-05-27 06:38:50+00:00,2,7,0.0004260694803330405,0.00023220231084270936,0.00036568062346747606,0.0
1779863930,checkoutservice,shippingservice,0.0099,8.477777777777778,0.2222222222222222,0.0,2026-05-27 06:38:50+00:00,2,9,0.0008527131782945737,8.035294213666688e-05,0.00033244901894294505,0.0
1779863930,frontend,adservice,0.0214842935096473,754.7855890633366,6.063637642216843,0.0,2026-05-27 06:38:50+00:00,5,0,0.0018504990103055386,0.007153908058615554,0.00907132673421226,0.0
1779863930,frontend,cartservice,0.0241982940527452,290.03647866286457,4.688718537446456,0.0,2026-05-27 06:38:50+00:00,5,1,0.002084263053638691,0.002748985052263145,0.007014419450431536,0.0
1779863930,frontend,checkoutservice,0.09925,12.22222222222222,0.1777777777777777,0.0,2026-05-27 06:38:50+00:00,5,2,0.008548664944013781,0.00011584303584578447,0.00026595921515435594,0.0
1779863930,frontend,currencyservice,0.0212254098360655,4061.588888888889,41.133333333333326,0.0,2026-05-27 06:38:50+00:00,5,3,0.0018282006749410422,0.03849600986561418,0.061536313406339124,0.0
1779863930,frontend,productcatalogservice,0.0147302588929644,6252.202505567653,34.39893535595949,0.0,2026-05-27 06:38:50+00:00,5,7,0.0012687561492648063,0.05925879155189268,0.05146151540296733,0.0
1779863930,frontend,recommendationservice,0.0485,160.6611111111111,2.444444444444444,0.0,2026-05-27 06:38:50+00:00,5,8,0.004177433247200689,0.001522756706192837,0.0036569392083723954,0.0
1779863930,frontend,shippingservice,0.0209499999999999,96.45555555555556,1.4444444444444442,0.0,2026-05-27 06:38:50+00:00,5,9,0.0018044788975021446,0.0009142121765247774,0.0021609186231291424,0.0
1779863930,recommendationservice,productcatalogservice,0.0091571765064409,2168.456924877413,4.37762568577199,0.0,2026-05-27 06:38:50+00:00,8,7,0.0007887318265668303,0.020552779086432032,0.006549018140404509,0.0
1779863945,checkoutservice,cartservice,0.0144999999999999,175.80555555555554,1.822222222222222,0.0,2026-05-27 06:39:05+00:00,2,1,0.0012489233419465892,0.0016662967587908408,0.0027260819553321493,0.0
1779863945,checkoutservice,currencyservice,0.0144999999999999,176.04999999999998,1.844444444444444,0.0,2026-05-27 06:39:05+00:00,2,3,0.0012489233419465892,0.0016686136195077565,0.002759326857226444,0.0
1779863945,checkoutservice,emailservice,0.021775,165.0722222222222,1.1555555555555554,0.0,2026-05-27 06:39:05+00:00,2,4,0.0018755383290267012,0.001564565510948088,0.0017287348985033143,0.0
1779863945,checkoutservice,paymentservice,0.01945,118.67777777777778,1.022222222222222,0.0,2026-05-27 06:39:05+00:00,2,6,0.0016752799310938845,0.0011248358780625673,0.0015292654871375468,0.0
1779863945,checkoutservice,productcatalogservice,0.0049520004693058,124.13737946051636,0.8888177872579951,0.0,2026-05-27 06:39:05+00:00,2,7,0.0004265288948583807,0.001176582346252883,0.0013296897062683188,0.0
1779863945,checkoutservice,shippingservice,0.0090999999999999,184.6,1.822222222222222,0.0,2026-05-27 06:39:05+00:00,2,9,0.0007838070628768218,0.0017496510886744212,0.0027260819553321493,0.0
1779863945,frontend,adservice,0.0210153388209379,2024.7303142753444,14.688305224096172,0.0,2026-05-27 06:39:05+00:00,5,0,0.001810106702923161,0.019190528703380064,0.021974006977583883,0.0
1779863945,frontend,cartservice,0.0240975409836065,1750.033333333333,18.4,0.0,2026-05-27 06:39:05+00:00,5,1,0.002075584925375237,0.016586932431653264,0.02752677876847585,0.0
1779863945,frontend,checkoutservice,0.097625,183.16666666666663,1.022222222222222,0.0,2026-05-27 06:39:05+00:00,5,2,0.00840869939707149,0.0017360658599252334,0.0015292654871375468,0.0
1779863945,frontend,currencyservice,0.019998611111111,11808.17222222222,113.77777777777776,0.0,2026-05-27 06:39:05+00:00,5,3,0.0017225332567709732,0.11191864238280698,0.17021389769878784,0.0
1779863945,frontend,productcatalogservice,0.0099900697188227,18152.839152557437,86.97094905864402,0.0,2026-05-27 06:39:05+00:00,5,7,0.0008604711213456245,0.17205381790792945,0.13011033010987377,0.0
1779863945,frontend,recommendationservice,0.0453625,1083.5277777777776,9.777777777777777,0.0,2026-05-27 06:39:05+00:00,5,8,0.003907192075796727,0.010269748407355716,0.014627756833489582,0.0
1779863945,frontend,shippingservice,0.0099796874999999,447.19999999999993,4.911111111111111,0.0,2026-05-27 06:39:05+00:00,5,9,0.0008595768733850043,0.004238591369746485,0.007347123318639086,0.0
1779863945,recommendationservice,productcatalogservice,0.0096764391652933,7739.561239982816,11.865700869513692,0.0,2026-05-27 06:39:05+00:00,8,7,0.0008334572924455901,0.07335607664896147,0.017751332759131246,0.0
1779863960,checkoutservice,cartservice,0.0099675030832305,313.7458275928477,3.333266175824284,0.0,2026-05-27 06:39:20+00:00,2,1,0.0008585273973497416,0.002973703839733929,0.004986634815128185,0.0
1779863960,checkoutservice,currencyservice,0.009805,340.91111111111104,3.4222222222222216,0.0,2026-05-27 06:39:20+00:00,2,3,0.0008445305770887166,0.0032311782052912353,0.005119714891721353,0.0
1779863960,checkoutservice,emailservice,0.0192999999999999,298.8666666666666,1.9555555555555555,0.0,2026-05-27 06:39:20+00:00,2,4,0.0016623600344530492,0.002832678161981737,0.0029255513666979166,0.0
1779863960,checkoutservice,paymentservice,0.01465,208.85,1.8666666666666665,0.0,2026-05-27 06:39:20+00:00,2,6,0.0012618432385874247,0.0019794942029775346,0.0027925717591207383,0.0
1779863960,checkoutservice,productcatalogservice,0.0068510549694614,247.42749398482323,1.6661237584058235,0.0,2026-05-27 06:39:20+00:00,2,7,0.000590099480573764,0.002345134259038623,0.002492555440137968,0.0
1779863960,checkoutservice,shippingservice,0.0090428571428571,353.41666666666663,3.4222222222222216,0.0,2026-05-27 06:39:20+00:00,2,9,0.0007788851974898451,0.003349706693331627,0.005119714891721353,0.0
1779863960,frontend,adservice,0.020585,3175.172222222222,22.8,0.0,2026-05-27 06:39:20+00:00,5,0,0.0017730404823428079,0.030094493690898658,0.03410926934354617,0.0
1779863960,frontend,cartservice,0.0243655965277906,3393.595484892029,32.75486817869823,0.0,2026-05-27 06:39:20+00:00,5,1,0.002098673258207631,0.03216472391474507,0.04900195706226173,0.0
1779863960,frontend,checkoutservice,0.1449999999999997,336.7777777777777,1.7999999999999998,0.0,2026-05-27 06:39:20+00:00,5,2,0.012489233419465954,0.0031920021968052065,0.002692837053437855,0.0
1779863960,frontend,currencyservice,0.0200747641509433,19768.138888888887,187.88888888888889,0.0,2026-05-27 06:39:20+00:00,5,3,0.0017290925194610941,0.18736373633809103,0.28108564551626003,0.0
1779863960,frontend,productcatalogservice,0.0133093021929124,30180.540042568944,139.8241594176075,0.0,2026-05-27 06:39:20+00:00,5,7,0.0011463653912930577,0.28605316761789124,0.20917982080307504,0.0
1779863960,frontend,recommendationservice,0.0440666666666666,2154.9166666666665,17.355555555555554,0.0,2026-05-27 06:39:20+00:00,5,8,0.0037955785242606895,0.020424443617746414,0.02596426837944401,0.0
1779863960,frontend,shippingservice,0.0138399999999999,800.2055555555555,8.533333333333331,0.0,2026-05-27 06:39:20+00:00,5,9,0.0011920757967269508,0.007584401524599663,0.012766042327409088,0.0
1779863960,recommendationservice,productcatalogservice,0.0096403308851366,13755.835656116971,19.194003331482502,0.0,2026-05-27 06:39:20+00:00,8,7,0.0008303471907955729,0.13037872606365916,0.0287146240971254,0.0
1779863975,checkoutservice,cartservice,0.0204,457.6243619661443,4.178004963514464,0.0,2026-05-27 06:39:35+00:00,2,1,0.001757105943152455,0.004337394166403044,0.006250381430666124,0.0
1779863975,checkoutservice,currencyservice,0.010825,441.4888888888888,4.4,0.0,2026-05-27 06:39:35+00:00,2,3,0.0009323858742463394,0.004184461078451273,0.006582490575070313,0.0
1779863975,checkoutservice,emailservice,0.0180249999999999,365.6166666666667,2.1111111111111107,0.0,2026-05-27 06:39:35+00:00,2,4,0.0015525409130060207,0.003465339105475874,0.0031582656799579775,0.0
1779863975,checkoutservice,paymentservice,0.0106,283.21666666666664,2.1111111111111107,0.0,2026-05-27 06:39:35+00:00,2,6,0.0009130060292850991,0.0026843464201737484,0.0031582656799579775,0.0
1779863975,checkoutservice,productcatalogservice,0.0053009996001599,358.2821271491404,2.266222399928917,0.0,2026-05-27 06:39:35+00:00,2,7,0.00045658911284753663,0.003395821851674328,0.0033903153610330273,0.0
1779863975,checkoutservice,shippingservice,0.0091552605258912,490.2273505031688,4.395375380703154,0.0,2026-05-27 06:39:35+00:00,2,9,0.0007885667980957107,0.0046464074621118436,0.006575572049403317,0.0
1779863975,frontend,adservice,0.0212242692228331,3733.106980734876,26.12018007466872,0.0,2026-05-27 06:39:35+00:00,5,0,0.0018281024309072438,0.03538263647335242,0.039076327081965054,0.0
1779863975,frontend,cartservice,0.0245922320914952,4736.328311170377,42.18010396216863,0.0,2026-05-27 06:39:35+00:00,5,1,0.0021181939785956247,0.04489123502686204,0.06310230381510476,0.0
1779863975,frontend,checkoutservice,0.214,479.2777777777777,2.133333333333333,0.0,2026-05-27 06:39:35+00:00,5,2,0.01843238587424634,0.004542626682916284,0.003191510581852272,0.0
1779863975,frontend,currencyservice,0.0212467889908257,22845.44444444444,212.88888888888889,0.0,2026-05-27 06:39:35+00:00,5,3,0.0018300421180728423,0.21653064324741728,0.3184861601473414,0.0
1779863975,frontend,productcatalogservice,0.0182626598358948,34374.158665422714,152.2823137411702,0.0,2026-05-27 06:39:35+00:00,5,7,0.0015730111831089406,0.3258005640911384,0.2278174761252621,0.0
1779863975,frontend,recommendationservice,0.0448198433713833,3055.337687117155,22.643690420638624,0.0,2026-05-27 06:39:35+00:00,5,8,0.0038604516254421447,0.028958693989883634,0.03387542699515083,0.0
1779863975,frontend,shippingservice,0.0147248659882651,1070.8133218999185,10.744628758981635,0.0,2026-05-27 06:39:35+00:00,5,9,0.0012682916441227477,0.010149239948154204,0.01607418580423319,0.0
1779863975,recommendationservice,productcatalogservice,0.0138438710123902,17001.389413051675,21.50627871865275,0.0,2026-05-27 06:39:35+00:00,8,7,0.001192409217260138,0.16114030062580523,0.032173835675083404,0.0
1779863990,checkoutservice,cartservice,0.0213571866627728,425.4044811547833,3.910806960892503,0.0,2026-05-27 06:39:50+00:00,2,1,0.0018395509614791386,0.004032011991221256,0.0058506477184077895,0.0
1779863990,checkoutservice,currencyservice,0.0223720825,504.3704177777778,5.072305555555555,0.0,2026-05-27 06:39:50+00:00,2,3,0.0019269666236003448,0.0047804563952332695,0.007588273525754825,0.0
1779863990,checkoutservice,emailservice,0.0206499999999999,348.58333333333326,1.9555555555555555,0.0,2026-05-27 06:39:50+00:00,2,4,0.0017786391042204912,0.0033038960382471574,0.0029255513666979166,0.0
1779863990,checkoutservice,paymentservice,0.0216999999999999,247.8222222222222,1.9777777777777772,0.0,2026-05-27 06:39:50+00:00,2,6,0.0018690783807062791,0.0023488755195494337,0.00295879626859221,0.0
1779863990,checkoutservice,productcatalogservice,0.0097026243557384,498.1145669620104,2.991581126664685,0.0,2026-05-27 06:39:50+00:00,2,7,0.0008357126921393972,0.0047211630247544385,0.0044754669479155716,0.0
1779863990,checkoutservice,shippingservice,0.0284999999999999,464.3277777777777,3.955555555555555,0.0,2026-05-27 06:39:50+00:00,2,9,0.0024547803617570975,0.004400929587706736,0.005917592537184421,0.0
1779863990,frontend,adservice,0.0201362081261654,3662.877984087828,26.000857834966773,0.0,2026-05-27 06:39:50+00:00,5,0,0.0017343848515215677,0.03471700136804354,0.03889781855509361,0.0
1779863990,frontend,cartservice,0.0243961258230649,5123.429652301,43.68548793644445,0.0,2026-05-27 06:39:50+00:00,5,1,0.002101302827137373,0.048560207307124896,0.06535438922931669,0.0
1779863990,frontend,checkoutservice,0.2235999999999999,449.5,1.9555555555555555,0.0,2026-05-27 06:39:50+00:00,5,2,0.019259259259259254,0.004260390922855646,0.0029255513666979166,0.0
1779863990,frontend,currencyservice,0.0220068994003434,23589.180731666667,218.4816422222222,0.0,2026-05-27 06:39:50+00:00,5,3,0.001895512437583411,0.2235798252876396,0.32685303426219586,0.0
1779863990,frontend,productcatalogservice,0.0179913943028597,36301.328450205794,164.6573268812818,0.0,2026-05-27 06:39:50+00:00,5,7,0.0015496463654487253,0.3440664076014643,0.24633075052552478,0.0
1779863990,frontend,recommendationservice,0.0450565462305686,3322.1275249328087,23.705586281957306,0.0,2026-05-27 06:39:50+00:00,5,8,0.00388083946861056,0.031487345832686614,0.035464045063068196,0.0
1779863990,frontend,shippingservice,0.0164666666666666,1151.8666666666666,11.377777777777776,0.0,2026-05-27 06:39:50+00:00,5,9,0.0014183175423485446,0.010917468945509804,0.017021389769878787,0.0
1779863990,recommendationservice,productcatalogservice,0.0185390036609175,18461.83955233665,22.89223488069073,0.0,2026-05-27 06:39:50+00:00,8,7,0.0015968134074864342,0.17498254426694643,0.03424725462373695,0.0
1779864005,checkoutservice,cartservice,0.0225001131100258,511.0154883351348,4.598652630332104,0.0,2026-05-27 06:40:05+00:00,2,1,0.001937994238589647,0.004843438816332935,0.006879678999359859,0.0
1779864005,checkoutservice,currencyservice,0.0324868644993806,604.8664575,6.400083333333333,0.0,2026-05-27 06:40:05+00:00,2,3,0.0027981795434436347,0.005732964549661515,0.00957465641393892,0.0
1779864005,checkoutservice,emailservice,0.02125,405.27777777777777,2.1777777777777776,0.0,2026-05-27 06:40:05+00:00,2,4,0.0018303186907838074,0.0038412497567954446,0.0032580003856408613,0.0
1779864005,checkoutservice,paymentservice,0.0211749999999999,299.3277777777777,2.2222222222222223,0.0,2026-05-27 06:40:05+00:00,2,6,0.001823858742463385,0.002837048603788646,0.0033244901894294507,0.0
1779864005,checkoutservice,productcatalogservice,0.0096807185895405,685.5281416010848,4.131697976968565,0.0,2026-05-27 06:40:05+00:00,2,7,0.0008338258905719638,0.006497481361155422,0.006181105225552876,0.0
1779864005,checkoutservice,shippingservice,0.0099866666666666,560.9777777777776,4.533333333333333,0.0,2026-05-27 06:40:05+00:00,2,9,0.0008601780074648235,0.005316984721619969,0.006781959986436079,0.0
1779864005,frontend,adservice,0.0209736155639256,3618.612786219971,25.26331941112,0.0,2026-05-27 06:40:05+00:00,5,0,0.0018065129684690442,0.034297452875953156,0.03779444589061098,0.0
1779864005,frontend,cartservice,0.0241417679746184,5114.882372160282,42.965304984280685,0.0,2026-05-27 06:40:05+00:00,5,1,0.002079394313059294,0.04847919561696557,0.06427698070773843,0.0
1779864005,frontend,checkoutservice,0.2363636363636364,527.5555555555555,2.2888888888888888,0.0,2026-05-27 06:40:05+00:00,5,2,0.020358625009787804,0.005000206674507134,0.003424224895112334,0.0
1779864005,frontend,currencyservice,0.0224649879736936,22557.24617611111,211.3735583333333,0.0,2026-05-27 06:40:05+00:00,5,3,0.001934968817716934,0.21379908087502564,0.3162191944427821,0.0
1779864005,frontend,productcatalogservice,0.0174375306811789,35172.74348356009,160.90471620203635,0.0,2026-05-27 06:40:05+00:00,5,7,0.0015019406271471923,0.3333696041585973,0.24071676770096992,0.0
1779864005,frontend,recommendationservice,0.0445000515136425,3328.2290300678,23.64391903569718,0.0,2026-05-27 06:40:05+00:00,5,8,0.0038329071071182175,0.03154517630452838,0.03537178959322778,0.0
1779864005,frontend,shippingservice,0.0138571428571427,1192.6333333333332,11.555555555555554,0.0,2026-05-27 06:40:05+00:00,5,9,0.0011935523563430404,0.01130385812598088,0.01728734898503314,0.0
1779864005,recommendationservice,productcatalogservice,0.0195797004483491,18040.182646028625,22.415432243202403,0.0,2026-05-27 06:40:05+00:00,8,7,0.0016864513736734798,0.1709860520395958,0.03353394806295614,0.0
1779864020,checkoutservice,cartservice,0.021850053327645,547.9611209858988,4.799573409171703,0.0,2026-05-27 06:40:20+00:00,2,1,0.0018820028705981912,0.005193611982038104,0.007180260620507006,0.0
1779864020,checkoutservice,currencyservice,0.033880629326723,704.7813236716584,7.024006134318377,0.0,2026-05-27 06:40:20+00:00,2,3,0.002918228193516193,0.006679964302489257,0.010508057767815175,0.0
1779864020,checkoutservice,emailservice,0.0166749999999999,460.7222222222222,2.533333333333333,0.0,2026-05-27 06:40:20+00:00,2,4,0.001436261843238579,0.00436675589213223,0.0037899188159495737,0.0
1779864020,checkoutservice,paymentservice,0.0209875,312.33888888888885,2.422222222222222,0.0,2026-05-27 06:40:20+00:00,2,6,0.00180770887166236,0.002960368781039022,0.003623694306478101,0.0
1779864020,checkoutservice,productcatalogservice,0.0097048151169769,765.0408725823663,4.576222453425815,0.0,2026-05-27 06:40:20+00:00,2,7,0.0008359013881978381,0.007251108318494943,0.006846122992977401,0.0
1779864020,checkoutservice,shippingservice,0.009959968361005,600.5020934443503,4.626278997283939,0.0,2026-05-27 06:40:20+00:00,2,9,0.0008578784118006029,0.0056915988166098405,0.006921008613015287,0.0
1779864020,frontend,adservice,0.0190612261924648,3426.784703527658,24.171903118969,0.0,2026-05-27 06:40:20+00:00,5,0,0.0016417938150271147,0.03247929353835331,0.03616166465048321,0.0
1779864020,frontend,cartservice,0.0230763325280074,5170.027660267804,42.90728364340167,0.0,2026-05-27 06:40:20+00:00,5,1,0.001987625540741378,0.04900186632862641,0.06419017958740002,0.0
1779864020,frontend,checkoutservice,0.2376538461538462,566.1111111111111,2.4,0.0,2026-05-27 06:40:20+00:00,5,2,0.020469754190684426,0.0053656387966752,0.0035904494045838065,0.0
1779864020,frontend,currencyservice,0.0221647951483779,22930.838147082988,218.77292016749695,0.0,2026-05-27 06:40:20+00:00,5,3,0.0019091124158809563,0.21734001044561593,0.32728879206435424,0.0
1779864020,frontend,productcatalogservice,0.0099535959006796,35935.61284658308,168.48330443288427,0.0,2026-05-27 06:40:20+00:00,5,7,0.0008573295349422567,0.34060013076493284,0.25205449170140065,0.0
1779864020,frontend,recommendationservice,0.0397114329342561,3342.5874913883144,23.48967264484299,0.0,2026-05-27 06:40:20+00:00,5,8,0.0034204507264647805,0.03168126675675551,0.03514103381731044,0.0
1779864020,frontend,shippingservice,0.0098933781369612,1229.6721118977296,11.810750453913547,0.0,2026-05-27 06:40:20+00:00,5,9,0.0008521428197210336,0.011654914134856108,0.01766912580622576,0.0
1779864020,recommendationservice,productcatalogservice,0.016589633757119,18148.48701297413,23.090214257043428,0.0,2026-05-27 06:40:20+00:00,8,7,0.0014289090230076658,0.17201256803924042,0.03454343584621421,0.0
1779864035,checkoutservice,cartservice,0.0212799173278218,645.7895998466934,5.378021805858525,0.0,2026-05-27 06:40:35+00:00,2,1,0.0018328955493386563,0.006120836817044344,0.008045631329451446,0.0
1779864035,checkoutservice,currencyservice,0.0244808447000078,774.4775619047473,7.466034635097062,0.0,2026-05-27 06:40:35+00:00,2,3,0.0021085998880282343,0.007340549888085334,0.011169341504244302,0.0
1779864035,checkoutservice,emailservice,0.0099599930134637,488.5761545526594,2.6221333392588644,0.0,2026-05-27 06:40:35+00:00,2,4,0.0008578805351820585,0.0046307573169741215,0.003922765452783891,0.0
1779864035,checkoutservice,paymentservice,0.0099478260869565,361.57033975512746,2.666488900739951,0.0,2026-05-27 06:40:35+00:00,2,6,0.0008568325656293282,0.003426987749647558,0.003989122285829619,0.0
1779864035,checkoutservice,productcatalogservice,0.0093694297973819,837.0894887979811,4.910965939949959,0.0,2026-05-27 06:40:35+00:00,2,7,0.0008070137637710509,0.007933989899205322,0.007346906139593618,0.0
1779864035,checkoutservice,shippingservice,0.0090462524629552,693.9605918522905,5.421187438972501,0.0,2026-05-27 06:40:35+00:00,2,9,0.0007791776453880448,0.006577404685977821,0.008110208005165011,0.0
1779864035,frontend,adservice,0.0193749999999999,3404.75,24.111111111111107,0.0,2026-05-27 06:40:35+00:00,5,0,0.0016688199827734626,0.03227044715148557,0.036070718555309536,0.0
1779864035,frontend,cartservice,0.0229477294778177,5037.160259497156,42.04769779002659,0.0,2026-05-27 06:40:35+00:00,5,1,0.0019765486199670715,0.04774254025924556,0.06290422145596701,0.0
1779864035,frontend,checkoutservice,0.2384687531248958,662.6954721537084,2.6665777837033087,0.0,2026-05-27 06:40:35+00:00,5,2,0.020539944282936762,0.006281071800180636,0.00398925525657248,0.0
1779864035,frontend,currencyservice,0.0217465055919048,23636.342298435666,222.76658566616496,0.0,2026-05-27 06:40:35+00:00,5,3,0.001873084030310491,0.22402682575698393,0.33326339786093734,0.0
1779864035,frontend,productcatalogservice,0.009936851152718,36245.59747310849,164.11202627346267,0.0,2026-05-27 06:40:35+00:00,5,7,0.0008558872655226529,0.3435381856905695,0.2455149695910817,0.0
1779864035,frontend,recommendationservice,0.0397985621298618,3204.7179472642783,22.538593565886305,0.0,2026-05-27 06:40:35+00:00,5,8,0.003427955394475607,0.030374530039682563,0.03371819993699705,0.0
1779864035,frontend,shippingservice,0.0099081280546358,1197.1370460054402,11.420452896136016,0.0,2026-05-27 06:40:35+00:00,5,9,0.0008534132691331439,0.011346544614495663,0.017085232625420405,0.0
1779864035,recommendationservice,productcatalogservice,0.0099458620391973,17855.417575316314,22.405400987417615,0.0,2026-05-27 06:40:35+00:00,8,7,0.0008566633970023515,0.16923483639972148,0.03351894109780625,0.0
1779864050,checkoutservice,cartservice,0.0203283621924228,570.6289928149977,4.378758087487821,0.0,2026-05-27 06:40:50+00:00,2,1,0.001750935589355969,0.00540845958021641,0.006550712236682157,0.0
1779864050,checkoutservice,currencyservice,0.0217832276558866,649.1039052952025,5.999804457480612,0.0,2026-05-27 06:40:50+00:00,2,3,0.0018762469987843758,0.006152250024715978,0.008975830975825222,0.0
1779864050,checkoutservice,emailservice,0.0096812453125781,421.85550185543184,2.1554859305675915,0.0,2026-05-27 06:40:50+00:00,2,4,0.0008338712586199914,0.003998374529169289,0.0032246513233313255,0.0
1779864050,checkoutservice,paymentservice,0.00998927414977,297.68763860187096,2.1110414861231472,0.0,2026-05-27 06:40:50+00:00,2,6,0.0008604025968794143,0.002821503255496648,0.003158161519542737,0.0
1779864050,checkoutservice,productcatalogservice,0.009154549061723,675.2179612255704,3.844191136491003,0.0,2026-05-27 06:40:50+00:00,2,7,0.0007885055178055986,0.006399760785215832,0.005750989073800195,0.0
1779864050,checkoutservice,shippingservice,0.0084999514285714,582.7536904947077,4.355416305579628,0.0,2026-05-27 06:40:50+00:00,2,9,0.0007321232927279414,0.005523378271956133,0.006515792450451242,0.0
1779864050,frontend,adservice,0.0153282925910817,3453.4252571055986,24.42545864082274,0.0,2026-05-27 06:40:50+00:00,5,0,0.0013202663730475194,0.032731794478605386,0.0365409889306785,0.0
1779864050,frontend,cartservice,0.0226968235818628,5082.708067894921,42.25473787184845,0.0,2026-05-27 06:40:50+00:00,5,1,0.001954937431684996,0.04817424541932077,0.06321395768034295,0.0
1779864050,frontend,checkoutservice,0.2342498150037001,567.9763571317467,2.088819263900925,0.0,2026-05-27 06:40:50+00:00,5,2,0.020176555986537476,0.00538331772262672,0.0031249166176484425,0.0
1779864050,frontend,currencyservice,0.021440082644628,24229.73333333333,227.6222222222222,0.0,2026-05-27 06:40:50+00:00,5,3,0.0018466910115958657,0.2296510254873108,0.3405275301032586,0.0
1779864050,frontend,productcatalogservice,0.0099173070357921,36335.94159371343,163.12797108533675,0.0,2026-05-27 06:40:50+00:00,5,7,0.0008542038790518606,0.344394473279799,0.2440428027726299,0.0
1779864050,frontend,recommendationservice,0.0419284490886984,3133.720295469922,22.067158540379573,0.0,2026-05-27 06:40:50+00:00,5,8,0.003611408190241034,0.029701609569718734,0.033012923434234294,0.0
1779864050,frontend,shippingservice,0.0098258064516129,1210.911111111111,11.377777777777776,0.0,2026-05-27 06:40:50+00:00,5,9,0.0008463226917840568,0.011477096120495713,0.017021389769878787,0.0
1779864050,recommendationservice,productcatalogservice,0.0099035266510276,17464.208924924456,21.88865493345309,0.0,2026-05-27 06:40:50+00:00,8,7,0.000853016938073006,0.16552693476886035,0.032745878363732106,0.0
1779864065,checkoutservice,cartservice,0.016973950326565,546.5619617525842,4.797867955272253,0.0,2026-05-27 06:41:05+00:00,2,1,0.0014620112253716623,0.005180350657683837,0.007177709226366245,0.0
1779864065,checkoutservice,currencyservice,0.0201487657626787,650.8939901612378,6.443007222947624,0.0,2026-05-27 06:41:05+00:00,2,3,0.001735466473960267,0.006169216568240778,0.009638871436400609,0.0
1779864065,checkoutservice,emailservice,0.0096141969528646,436.91402430517184,2.310184315025255,0.0,2026-05-27 06:41:05+00:00,2,4,0.0008280962061037554,0.0041411002073817255,0.003456083290983865,0.0
1779864065,checkoutservice,paymentservice,0.0196994075478405,306.1941256587908,2.399147273050275,0.0,2026-05-27 06:41:05+00:00,2,6,0.001696762062690827,0.002902128306092177,0.0035891737075134265,0.0
1779864065,checkoutservice,productcatalogservice,0.0083912825146649,715.7192218866583,4.1318173743116,0.0,2026-05-27 06:41:05+00:00,2,7,0.0007227633518229888,0.006783634429898165,0.006181283846435881,0.0
1779864065,checkoutservice,shippingservice,0.0072737775604552,596.9562775511367,4.843173635716482,0.0,2026-05-27 06:41:05+00:00,2,9,0.0006265096951296469,0.0056579913375318334,0.007245487456939264,0.0
1779864065,frontend,adservice,0.019610753729432,3472.137105953492,24.38262416077542,0.0,2026-05-27 06:41:05+00:00,5,0,0.0016891260748864772,0.03290914662761854,0.036476907666769524,0.0
1779864065,frontend,cartservice,0.0236134835704719,5104.650989453727,42.37403720820002,0.0,2026-05-27 06:41:05+00:00,5,1,0.002033891780402403,0.04838222189057787,0.06339243194333077,0.0
1779864065,frontend,checkoutservice,0.2323341494718137,568.5864767770079,2.399147273050275,0.0,2026-05-27 06:41:05+00:00,5,2,0.020011554648735032,0.005389100477239683,0.0035891737075134265,0.0
1779864065,frontend,currencyservice,0.021988446341451,24115.294774780785,226.4800120571529,0.0,2026-05-27 06:41:05+00:00,5,3,0.0018939230268260985,0.22856636921126644,0.3388187601836408,0.0
1779864065,frontend,productcatalogservice,0.0157025862068965,36735.288888888885,168.55555555555554,0.0,2026-05-27 06:41:05+00:00,5,7,0.0013525052719118435,0.3481795135277021,0.2521625808682238,0.0
1779864065,frontend,recommendationservice,0.0436428571428571,3109.655555555555,22.288888888888884,0.0,2026-05-27 06:41:05+00:00,5,8,0.003759074689307244,0.029473522362839868,0.033344636599977384,0.0
1779864065,frontend,shippingservice,0.0099941264830713,1211.4569632132132,11.423237711395604,0.0,2026-05-27 06:41:05+00:00,5,9,0.0008608205411775454,0.011482269743056375,0.017089398766374848,0.0
1779864065,recommendationservice,productcatalogservice,0.0101049999999999,17484.93333333333,22.33333333333333,0.0,2026-05-27 06:41:05+00:00,8,7,0.0008703703703703619,0.16572336209136695,0.03341112640376597,0.0
1779864080,checkoutservice,cartservice,0.0151,505.1777777777777,4.488888888888889,0.0,2026-05-27 06:41:20+00:00,2,1,0.0013006029285099053,0.004788108607058579,0.00671547018264749,0.0
1779864080,checkoutservice,currencyservice,0.0205298477158163,695.1820758013143,6.6892479490770445,0.0,2026-05-27 06:41:20+00:00,2,3,0.001768290070268415,0.006588981992159879,0.01000725263161547,0.0
1779864080,checkoutservice,emailservice,0.0096285714285714,444.9611111111111,2.2888888888888888,0.0,2026-05-27 06:41:20+00:00,2,4,0.0008293343177064083,0.004217371031816553,0.003424224895112334,0.0
1779864080,checkoutservice,paymentservice,0.0201999533312591,281.2012626767711,2.24451852345712,0.0,2026-05-27 06:41:20+00:00,2,6,0.0017398753945959604,0.002665244286993686,0.0033578459150516425,0.0
1779864080,checkoutservice,productcatalogservice,0.0052749366624441,697.572934121534,4.355613337185441,0.0,2026-05-27 06:41:20+00:00,2,7,0.0004543442431045736,0.006611642706476448,0.006516087213789481,0.0
1779864080,checkoutservice,shippingservice,0.0080198182658795,557.6560240963855,4.40066391025356,0.0,2026-05-27 06:41:20+00:00,2,9,0.0006907681538225238,0.005285500919101248,0.006583483798476393,0.0
1779864080,frontend,adservice,0.0185773686131965,3439.0851456921764,24.3292902365878,0.0,2026-05-27 06:41:20+00:00,5,0,0.0016001178822736004,0.032595877948019214,0.03639711901829303,0.0
1779864080,frontend,cartservice,0.023462074199594,5182.625656262727,42.30409863378874,0.0,2026-05-27 06:41:20+00:00,5,1,0.0020208504909211026,0.049121270973304806,0.06328780239630892,0.0
1779864080,frontend,checkoutservice,0.2289994286530494,524.3760228072124,2.2662890147728536,0.0,2026-05-27 06:41:20+00:00,5,2,0.019724326326705375,0.004970070851459384,0.0033904150182108394,0.0
1779864080,frontend,currencyservice,0.0220402533735432,23880.57751145307,221.55209470655632,0.0,2026-05-27 06:41:20+00:00,5,3,0.001898385303492093,0.22634170336450576,0.331446494384771,0.0
1779864080,frontend,productcatalogservice,0.016094446884891,36997.96708890149,172.26344222866737,0.0,2026-05-27 06:41:20+00:00,5,7,0.0013862572682937985,0.35066919499369936,0.2577096556589482,0.0
1779864080,frontend,recommendationservice,0.0453261086943516,3220.936924728794,22.95174201192195,0.0,2026-05-27 06:41:20+00:00,5,8,0.0039040575964127133,0.030528254587775607,0.03433627851702763,0.0
1779864080,frontend,shippingservice,0.0120458581558706,1236.0100786955927,11.511027368436626,0.0,2026-05-27 06:41:20+00:00,5,9,0.0010375416154927305,0.011714985806079636,0.01722073390047966,0.0
1779864080,recommendationservice,productcatalogservice,0.0098576202451686,18247.686635405324,23.08924594972998,0.0,2026-05-27 06:41:20+00:00,8,7,0.0008490628979473385,0.17295278866428285,0.03454198723854045,0.0
1779864095,checkoutservice,cartservice,0.0099202911191086,534.8219950567683,4.711374830157302,0.0,2026-05-27 06:41:35+00:00,2,1,0.0008544609060386391,0.0050690784718206965,0.007048313730712258,0.0
1779864095,checkoutservice,currencyservice,0.0212154370239963,765.3991858911737,7.200152118014596,0.0,2026-05-27 06:41:35+00:00,2,3,0.0018273416902666927,0.00725450443588845,0.010771575785432643,0.0
1779864095,checkoutservice,emailservice,0.0096705972203703,465.1943011015549,2.555637042469498,0.0,2026-05-27 06:41:35+00:00,2,4,0.0008329541102816796,0.004409142553453262,0.0038232856239445545,0.0
1779864095,checkoutservice,paymentservice,0.0196500611124691,304.0734397107955,2.444525931358387,0.0,2026-05-27 06:41:35+00:00,2,6,0.001692511723726882,0.0028820283035047097,0.0036570611144730817,0.0
1779864095,checkoutservice,productcatalogservice,0.0049774103134102,785.0069744638154,4.733438530798939,0.0,2026-05-27 06:41:35+00:00,2,7,0.0004287175119216366,0.007440348361254757,0.007081321481058791,0.0
1779864095,checkoutservice,shippingservice,0.0088333632100978,586.8183449266987,4.75571852938344,0.0,2026-05-27 06:41:35+00:00,2,9,0.0007608409311023085,0.00556190333724334,0.007114652817580396,0.0
1779864095,frontend,adservice,0.017886842105263,3463.4666666666662,24.288888888888884,0.0,2026-05-27 06:41:35+00:00,5,0,0.0015406410082052541,0.03282696762687379,0.03633667777046389,0.0
1779864095,frontend,cartservice,0.0234281543394744,5280.411653851283,42.778730906558806,0.0,2026-05-27 06:41:35+00:00,5,1,0.002017928883675659,0.05004809316798482,0.06399786204679374,0.0
1779864095,frontend,checkoutservice,0.223250008333611,568.466890385285,2.444525931358387,0.0,2026-05-27 06:41:35+00:00,5,2,0.01922911355155995,0.005387967029458162,0.0036570611144730817,0.0
1779864095,frontend,currencyservice,0.0223775047847441,23754.17832466705,219.3753680083354,0.0,2026-05-27 06:41:35+00:00,5,3,0.0019274336593233506,0.22514368345785507,0.3281900664357839,0.0
1779864095,frontend,productcatalogservice,0.0165306081331024,37566.437293898045,178.22019762084648,0.0,2026-05-27 06:41:35+00:00,5,7,0.0014238249899313005,0.3560571934392638,0.2666210843469069,0.0
1779864095,frontend,recommendationservice,0.0453763545343771,3300.6779414485413,23.67753924028151,0.0,2026-05-27 06:41:35+00:00,5,8,0.003908385403477786,0.0312840452525411,0.03542208611136603,0.0
1779864095,frontend,shippingservice,0.0152687499999999,1248.4611111111108,11.488888888888887,0.0,2026-05-27 06:41:35+00:00,5,9,0.001315137812230827,0.01183299752016919,0.01718761427935026,0.0
1779864095,recommendationservice,productcatalogservice,0.0099324152082715,18646.439014451844,23.92173974495044,0.0,2026-05-27 06:41:35+00:00,8,7,0.0008555051858976315,0.17673219025751286,0.03578741509327754,0.0
1779864110,checkoutservice,cartservice,0.009901638257956,583.0596258099856,4.847037589881925,0.0,2026-05-27 06:41:50+00:00,2,1,0.0008528542857843238,0.005526277947240206,0.007251268011911203,0.0
1779864110,checkoutservice,currencyservice,0.0220975959376209,743.7347466840617,7.402704145169897,0.0,2026-05-27 06:41:50+00:00,2,3,0.0019033243701654522,0.007049167438899044,0.011074597787639723,0.0
1779864110,checkoutservice,emailservice,0.0099778702835925,450.79211904269073,2.5120667970602257,0.0,2026-05-27 06:41:50+00:00,2,4,0.0008594203517306202,0.004272637713157601,0.0037581036399081825,0.0
1779864110,checkoutservice,paymentservice,0.0096736192308899,331.01919587262046,2.445314198738856,0.0,2026-05-27 06:41:50+00:00,2,6,0.0008332144040387511,0.0031374219741639323,0.0036582403787009388,0.0
1779864110,checkoutservice,productcatalogservice,0.0064013169789681,789.2255200246298,4.957285264378089,0.0,2026-05-27 06:41:50+00:00,2,7,0.0005513623582229199,0.007480332016905362,0.0074162008024326615,0.0
1779864110,checkoutservice,shippingservice,0.008800404906279,603.6707431814054,4.80132081759068,0.0,2026-05-27 06:41:50+00:00,2,9,0.0007580021452436692,0.005721631489752129,0.007182874779472622,0.0
1779864110,frontend,adservice,0.009973955813063,3466.279215346571,24.682829628971515,0.0,2026-05-27 06:41:50+00:00,5,0,0.0008590831880329889,0.03285362515049105,0.03692602122699347,0.0
1779864110,frontend,cartservice,0.023150084169119,5324.185104827395,42.91880174679392,0.0,2026-05-27 06:41:50+00:00,5,1,0.0019939779646097333,0.05046298085030005,0.06420741090717778,0.0
1779864110,frontend,checkoutservice,0.2220001778410101,607.5882504101683,2.445314198738856,0.0,2026-05-27 06:41:50+00:00,5,2,0.019121462346340233,0.005758761884051667,0.0036582403787009388,0.0
1779864110,frontend,currencyservice,0.022965934065934,23696.077777777777,220.2888888888889,0.0,2026-05-27 06:41:50+00:00,5,3,0.0019781166292794144,0.22459300260673157,0.32955671247814144,0.0
1779864110,frontend,productcatalogservice,0.0141056459846211,37739.64059688521,177.21827788147226,0.0,2026-05-27 06:41:50+00:00,5,7,0.0012149565878226615,0.3576988258749816,0.26512219179204155,0.0
1779864110,frontend,recommendationservice,0.0455209212772138,3454.1052655996286,24.10410478883805,0.0,2026-05-27 06:41:50+00:00,5,8,0.003920837319312128,0.03273823964437942,0.03606023695296219,0.0
1779864110,frontend,shippingservice,0.0162672703572769,1270.3260447525377,11.576735000197496,0.0,2026-05-27 06:41:50+00:00,5,9,0.001401143010962696,0.012040234816753788,0.017319033870201506,0.0
1779864110,recommendationservice,productcatalogservice,0.0099991357740556,19396.62220448401,24.37026384630455,0.0,2026-05-27 06:41:50+00:00,8,7,0.0008612520046559518,0.18384247647173296,0.03645841638188102,0.0
1779864125,checkoutservice,cartservice,0.0200287292431836,601.2542323075828,5.066550136141926,0.0,2026-05-27 06:42:05+00:00,2,1,0.0017251274111269252,0.005698727638824841,0.007579663299835326,0.0
1779864125,checkoutservice,currencyservice,0.0217562647657275,801.8768238059611,7.800086421673568,0.0,2026-05-27 06:42:05+00:00,2,3,0.001873924613757752,0.007600241916331999,0.011669089853500042,0.0
1779864125,checkoutservice,emailservice,0.0163749991666574,478.22621638505547,2.511138766046653,0.0,2026-05-27 06:42:05+00:00,2,4,0.0014104219781789322,0.004532659914034462,0.0037567152864081336,0.0
1779864125,checkoutservice,paymentservice,0.0191000666666666,337.34687215271447,2.511138766046653,0.0,2026-05-27 06:42:05+00:00,2,6,0.001645139247774901,0.0031973961111750144,0.0037567152864081336,0.0
1779864125,checkoutservice,productcatalogservice,0.0080917392210102,857.9346658850934,5.311014339575612,0.0,2026-05-27 06:42:05+00:00,2,7,0.0006969628958665117,0.008131561875283747,0.007945386780527215,0.0
1779864125,checkoutservice,shippingservice,0.0092266752592592,643.0157398559473,5.066721976537751,0.0,2026-05-27 06:42:05+00:00,2,9,0.000794717937920689,0.006094545987398411,0.007579920376604857,0.0
1779864125,frontend,adservice,0.0157594364360952,3503.4183278503897,24.7366171719866,0.0,2026-05-27 06:42:05+00:00,5,0,0.0013574019324802068,0.033205632131123264,0.03700648849857369,0.0
1779864125,frontend,cartservice,0.0235284126477486,5266.413878993528,42.75987718005605,0.0,2026-05-27 06:42:05+00:00,5,1,0.002026564396877571,0.04991542132606234,0.06396965648383707,0.0
1779864125,frontend,checkoutservice,0.2210011816040182,615.8531885061916,2.5114766339225314,0.0,2026-05-27 06:42:05+00:00,5,2,0.019035416158830164,0.005837097517516098,0.00375722074370554,0.0
1779864125,frontend,currencyservice,0.0231569699616443,23846.307850982485,223.1629708663051,0.0,2026-05-27 06:42:05+00:00,5,3,0.001994571056127847,0.22601689324126167,0.3338563982800327,0.0
1779864125,frontend,productcatalogservice,0.0152308851881297,37872.4711157118,179.50786026985512,0.0,2026-05-27 06:42:05+00:00,5,7,0.0013118764158595781,0.35895780237484143,0.2685474541766727,0.0
1779864125,frontend,recommendationservice,0.0460367988242781,3422.5476187225827,23.97623387442984,0.0,2026-05-27 06:42:05+00:00,5,8,0.003965271216561422,0.03243913416651146,0.035868939432753634,0.0
1779864125,frontend,shippingservice,0.0165175353343802,1250.652593284135,11.312646335319048,0.0,2026-05-27 06:42:05+00:00,5,9,0.0014226989952093197,0.011853768534090332,0.01692395179121394,0.0
1779864125,recommendationservice,productcatalogservice,0.0160652634484751,18851.80738469589,24.194598025446837,0.0,2026-05-27 06:42:05+00:00,8,7,0.0013837436217463482,0.17867868534189416,0.03619561669775422,0.0
1779864140,checkoutservice,cartservice,0.0202855646144467,573.5682253237323,4.933554587568278,0.0,2026-05-27 06:42:20+00:00,2,1,0.0017472493207964428,0.005436317821596555,0.007380699221423429,0.0
1779864140,checkoutservice,currencyservice,0.0231999841263794,797.8961536562117,7.955646423791674,0.0,2026-05-27 06:42:20+00:00,2,3,0.00199827597987764,0.007562512859662644,0.011901810818909212,0.0
1779864140,checkoutservice,emailservice,0.0198,448.4166666666666,2.355555555555555,0.0,2026-05-27 06:42:20+00:00,2,4,0.0017054263565891474,0.004250123017405678,0.003523959600795217,0.0
1779864140,checkoutservice,paymentservice,0.0194003166314854,324.00900764112623,2.4220889037020576,0.0,2026-05-27 06:42:20+00:00,2,6,0.001671000571187373,0.0030709789434432036,0.003623494859227541,0.0
1779864140,checkoutservice,productcatalogservice,0.0088862958420139,906.970512298068,5.578130950528648,0.0,2026-05-27 06:42:20+00:00,2,7,0.000765400158657528,0.008596326891863014,0.00834499872917337,0.0
1779864140,checkoutservice,shippingservice,0.0092071428571428,643.6166666666666,5.066666666666666,0.0,2026-05-27 06:42:20+00:00,2,9,0.000793035560477416,0.006100241611713625,0.0075798376318991475,0.0
1779864140,frontend,adservice,0.01798125,3545.866666666666,25.0,0.0,2026-05-27 06:42:20+00:00,5,0,0.0015487726098191215,0.03360796031217591,0.03740051463108132,0.0
1779864140,frontend,cartservice,0.023460886559946,5263.957469305913,43.24636461512628,0.0,2026-05-27 06:42:20+00:00,5,1,0.002020748196377778,0.0498921393115219,0.06469745170116432,0.0
1779864140,frontend,checkoutservice,0.2402058823529411,619.4444444444445,2.444444444444444,0.0,2026-05-27 06:42:20+00:00,5,2,0.020689567816790794,0.005871135680365896,0.0036569392083723954,0.0
1779864140,frontend,currencyservice,0.0230375667864594,24108.488492081127,226.35809789077044,0.0,2026-05-27 06:42:20+00:00,5,3,0.0019842865449146772,0.22850185881075027,0.3386363740810999,0.0
1779864140,frontend,productcatalogservice,0.0144821004033039,37693.642603747576,176.16629744060893,0.0,2026-05-27 06:42:20+00:00,5,7,0.0012473816023517571,0.35726285383397344,0.26354840739723673,0.0
1779864140,frontend,recommendationservice,0.0473439987403441,3443.0078105498337,24.01152014394001,0.0,2026-05-27 06:42:20+00:00,5,8,0.004077863801924556,0.03263305722666875,0.03592172841831729,0.0
1779864140,frontend,shippingservice,0.0173349999999999,1244.1166666666666,11.42222222222222,0.0,2026-05-27 06:42:20+00:00,5,9,0.001493109388458217,0.011791820586518556,0.017087879573667374,0.0
1779864140,recommendationservice,productcatalogservice,0.0164689918544681,19019.54331137956,24.01292196808961,0.0,2026-05-27 06:42:20+00:00,8,7,0.001418517816922317,0.1802684976210485,0.035923825576101985,0.0
1779864155,checkoutservice,cartservice,0.0210999025008124,538.3664533475546,4.755398528986957,0.0,2026-05-27 06:42:35+00:00,2,1,0.0018173903962801377,0.005102673083452525,0.0071141740903999705,0.0
1779864155,checkoutservice,currencyservice,0.0236217816027299,797.9526890799873,7.621977794072988,0.0,2026-05-27 06:42:35+00:00,2,3,0.0020346065118630407,0.007563048706172707,0.01140263568020015,0.0
1779864155,checkoutservice,emailservice,0.0171249975000833,462.5887992652341,2.311032597826812,0.0,2026-05-27 06:42:35+00:00,2,4,0.0014750213178366324,0.004384447433602439,0.0034573523395171023,0.0
1779864155,checkoutservice,paymentservice,0.0211025531489947,303.27355417045453,2.353856558887868,0.0,2026-05-27 06:42:35+00:00,2,6,0.0018176187036171149,0.0028744469351056168,0.0035214178668060976,0.0
1779864155,checkoutservice,productcatalogservice,0.0086888412733142,885.532989422122,5.288822239900938,0.0,2026-05-27 06:42:35+00:00,2,7,0.0007483928745318002,0.008393140622966038,0.007912186942584132,0.0
1779864155,checkoutservice,shippingservice,0.0092356541437411,625.0292722271306,4.800114608551352,0.0,2026-05-27 06:42:35+00:00,2,9,0.0007954913129837296,0.0059240690498677155,0.007181070265919682,0.0
1779864155,frontend,adservice,0.0180049640594317,3529.842888197223,24.472041895163283,0.0,2026-05-27 06:42:35+00:00,5,0,0.0015508151644644016,0.03345608587315241,0.03661067843809958,0.0
1779864155,frontend,cartservice,0.0231951923076923,5357.438888888888,43.977777777777774,0.0,2026-05-27 06:42:35+00:00,5,1,0.001997863247863247,0.050778162429312705,0.06579166084880883,0.0
1779864155,frontend,checkoutservice,0.2397000262212899,561.2552792776778,2.355477042271256,0.0,2026-05-27 06:42:35+00:00,5,2,0.020645997090550382,0.005319614899309075,0.0035238421433056904,0.0
1779864155,frontend,currencyservice,0.0216096858638743,24563.266666666663,229.48888888888888,0.0,2026-05-27 06:42:35+00:00,5,3,0.0018612993853466236,0.2328122766236915,0.3433201018623794,0.0
1779864155,frontend,productcatalogservice,0.0106810861286334,37975.15916172189,177.4474120496922,0.0,2026-05-27 06:42:35+00:00,5,7,0.000919990191958088,0.35993108651078615,0.26546498122448114,0.0
1779864155,frontend,recommendationservice,0.0469640684589744,3357.2272275209907,23.494335875260305,0.0,2026-05-27 06:42:35+00:00,5,8,0.004045139402151111,0.03182002315037655,0.03514801010600847,0.0
1779864155,frontend,shippingservice,0.0150994499388822,1271.7430628094478,11.689528466125864,0.0,2026-05-27 06:42:35+00:00,5,9,0.0013005555502913178,0.012053665408226942,0.017487775217111277,0.0
1779864155,recommendationservice,productcatalogservice,0.0136238886454334,18676.880630881416,23.40582627091631,0.0,2026-05-27 06:42:35+00:00,8,7,0.0011734615543008958,0.1770207179245064,0.03501559791591812,0.0
1779864170,checkoutservice,cartservice,0.0205433451496503,548.626313972276,4.732328917300505,0.0,2026-05-27 06:42:50+00:00,2,1,0.0017694526399354264,0.005199916725444353,0.00707966147642347,0.0
1779864170,checkoutservice,currencyservice,0.0235707062461768,808.0125749275903,7.911134337656763,0.0,2026-05-27 06:42:50+00:00,2,3,0.002030207256345978,0.007658396973914848,0.011835219821759264,0.0
1779864170,checkoutservice,emailservice,0.0099820048427269,467.5575944116034,2.4667190146722566,0.0,2026-05-27 06:42:50+00:00,2,4,0.0008597764722417657,0.004431542004768448,0.0036902624239606493,0.0
1779864170,checkoutservice,paymentservice,0.0099853009304648,307.5489001980335,2.355607903561146,0.0,2026-05-27 06:42:50+00:00,2,6,0.0008600603729943841,0.0029149689493613773,0.0035240379144891774,0.0
1779864170,checkoutservice,productcatalogservice,0.0077999675878458,1005.8041692308584,5.489173357500297,0.0,2026-05-27 06:42:50+00:00,2,7,0.0006718318335784497,0.00953307887154953,0.008211916338789265,0.0
1779864170,checkoutservice,shippingservice,0.0093000261112561,612.4587640932189,4.80010469601118,0.0,2026-05-27 06:42:50+00:00,2,9,0.0008010358407627993,0.005804924936965823,0.007181055436555533,0.0
1779864170,frontend,adservice,0.0172644913618499,3415.7432184367844,23.86747412790482,0.0,2026-05-27 06:42:50+00:00,5,0,0.0014870362930103273,0.03237464160763918,0.03570623261310636,0.0
1779864170,frontend,cartservice,0.0225941700393294,5468.291483901434,44.47999605206793,0.0,2026-05-27 06:42:50+00:00,5,1,0.0019460956106226875,0.05182883070421024,0.06654298972543224,0.0
1779864170,frontend,checkoutservice,0.237884603746878,582.3088535793592,2.3334627235121057,0.0,2026-05-27 06:42:50+00:00,5,2,0.020489629952358143,0.005519162078060021,0.003490908269271895,0.0
1779864170,frontend,currencyservice,0.0208824097941633,24304.40257461717,227.1816392764616,0.0,2026-05-27 06:42:50+00:00,5,3,0.0017986571743465374,0.23035874552687072,0.33986840894689363,0.0
1779864170,frontend,productcatalogservice,0.01150342017722,38136.75811681597,177.81090070094922,0.0,2026-05-27 06:42:50+00:00,5,7,0.0009908199980378984,0.3614627321646811,0.26600876772926396,0.0
1779864170,frontend,recommendationservice,0.0454789433687554,3360.614693166345,23.89450568768966,0.0,2026-05-27 06:42:50+00:00,5,8,0.003917221651055591,0.031852129775264096,0.03574667238299572,0.0
1779864170,frontend,shippingservice,0.01102547,1350.715657340119,12.511522990421582,0.0,2026-05-27 06:42:50+00:00,5,9,0.0009496528854435832,0.012802172916331124,0.01871749594641491,0.0
1779864170,recommendationservice,productcatalogservice,0.0098719033563156,19048.674405107944,23.849939783299327,0.0,2026-05-27 06:42:50+00:00,8,7,0.0008502931400788631,0.18054460406663975,0.0356800008726278,0.0
1779864185,checkoutservice,cartservice,0.02149,609.5777777777778,5.111111111111111,0.0,2026-05-27 06:43:05+00:00,2,1,0.00185099052540913,0.005777618756883117,0.007646327435687736,0.0
1779864185,checkoutservice,currencyservice,0.020533872945713,832.1664086807907,8.332453025551793,0.0,2026-05-27 06:43:05+00:00,2,3,0.0017686367739632213,0.007887328618129083,0.012465521251797906,0.0
1779864185,checkoutservice,emailservice,0.0097711538461538,512.9444444444443,2.555555555555556,0.0,2026-05-27 06:43:05+00:00,2,4,0.0008416153183595004,0.004861721590746036,0.0038231637178438686,0.0
1779864185,checkoutservice,paymentservice,0.0099562317693141,333.31384721759207,2.600145695200701,0.0,2026-05-27 06:43:05+00:00,2,6,0.0008575565692777003,0.0031591708323646787,0.0038898714846518773,0.0
1779864185,checkoutservice,productcatalogservice,0.0049905232802193,969.4265616436326,5.64425187752744,0.0,2026-05-27 06:43:05+00:00,2,7,0.00042984696642715765,0.009188289485209548,0.008443916997078929,0.0
1779864185,checkoutservice,shippingservice,0.0089333333333333,638.6999999999999,4.933333333333333,0.0,2026-05-27 06:43:05+00:00,2,9,0.0007694516221647976,0.00605364111774839,0.00738036822053338,0.0
1779864185,frontend,adservice,0.0161416666666666,3351.044444444444,23.82222222222222,0.0,2026-05-27 06:43:05+00:00,5,0,0.001390324432960086,0.03176142232079411,0.03563853483068371,0.0
1779864185,frontend,cartservice,0.0220505263157894,5396.961111111111,43.355555555555554,0.0,2026-05-27 06:43:05+00:00,5,1,0.0018992701391722137,0.05115275668249767,0.06486080359576858,0.0
1779864185,frontend,checkoutservice,0.22125,619.2222222222222,2.577777777777777,0.0,2026-05-27 06:43:05+00:00,5,2,0.01905684754521964,0.005869029443350517,0.003856408619738162,0.0
1779864185,frontend,currencyservice,0.0192360956751687,24318.71853229023,227.5538075420784,0.0,2026-05-27 06:43:05+00:00,5,3,0.0016568557859749098,0.23049443312669787,0.34042518033343067,0.0
1779864185,frontend,productcatalogservice,0.0119270972419932,37823.07730080433,174.68311188137878,0.0,2026-05-27 06:43:05+00:00,5,7,0.0010273124239442895,0.3584896445090417,0.2613295312688929,0.0
1779864185,frontend,recommendationservice,0.0390001027745422,3329.9292256146646,23.177266195576493,0.0,2026-05-27 06:43:05+00:00,5,8,0.003359181978858071,0.031561290871102224,0.03467366733824501,0.0
1779864185,frontend,shippingservice,0.0097916666666666,1334.211111111111,12.266666666666666,0.0,2026-05-27 06:43:05+00:00,5,9,0.0008433821418317485,0.01264574172847814,0.018351185845650566,0.0
1779864185,recommendationservice,productcatalogservice,0.0096451682204152,18661.19220676474,23.220904821537477,0.0,2026-05-27 06:43:05+00:00,8,7,0.0008307638432743499,0.17687202199636268,0.03473895162099437,0.0
1779864200,checkoutservice,cartservice,0.0207250356258906,597.5957356416353,4.711262232296968,0.0,2026-05-27 06:43:20+00:00,2,1,0.001785102121093075,0.005664052163881793,0.007048145281995343,0.0
1779864200,checkoutservice,currencyservice,0.0192005507385453,773.0058271035452,7.510322665685212,0.0,2026-05-27 06:43:20+00:00,2,3,0.0016537942065930494,0.007326600687667332,0.011235597309684058,0.0
1779864200,checkoutservice,emailservice,0.0097608744739069,469.2622493351408,2.266742227259595,0.0,2026-05-27 06:43:20+00:00,2,4,0.000840729928846417,0.00444769883761125,0.0033910930334204938,0.0
1779864200,checkoutservice,paymentservice,0.0096365345340802,303.4163030869615,2.2460529813355814,0.0,2026-05-27 06:43:20+00:00,2,6,0.0008300202010404997,0.0028757999188389507,0.0033601414956250094,0.0
1779864200,checkoutservice,productcatalogservice,0.0062498383220909,922.8880916453772,5.26674624211296,0.0,2026-05-27 06:43:20+00:00,2,7,0.0005383151009552885,0.008747194768537343,0.007879160795453533,0.0
1779864200,checkoutservice,shippingservice,0.0089832933288883,625.5823292616292,4.6226351008873054,0.0,2026-05-27 06:43:20+00:00,2,9,0.0007737548086897761,0.005929310961257258,0.006915557268995429,0.0
1779864200,frontend,adservice,0.0176861355073955,3364.6558403166423,23.948121169050367,0.0,2026-05-27 06:43:20+00:00,5,0,0.0015233536182080534,0.03189043203697055,0.035826882246799065,0.0
1779864200,frontend,cartservice,0.0215192307692307,5253.244444444444,42.15555555555555,0.0,2026-05-27 06:43:20+00:00,5,1,0.0018535082488570801,0.04979060054872739,0.06306557889347668,0.0
1779864200,frontend,checkoutservice,0.2169997399895992,607.3581646183819,2.266742227259595,0.0,2026-05-27 06:43:20+00:00,5,2,0.01869076141167952,0.0057565811156004894,0.0033910930334204938,0.0
1779864200,frontend,currencyservice,0.0190102443930992,23907.20464071302,223.11916073838836,0.0,2026-05-27 06:43:20+00:00,5,3,0.001637402617838002,0.22659407706817827,0.3337908574268271,0.0
1779864200,frontend,productcatalogservice,0.0122636095954506,36802.25518005443,169.10835444523218,0.0,2026-05-27 06:43:20+00:00,5,7,0.0010562971227778294,0.3488142244932616,0.2529895793866797,0.0
1779864200,frontend,recommendationservice,0.0384997689218881,3186.862846489116,22.623486560235087,0.0,2026-05-27 06:43:20+00:00,5,8,0.003316086901110086,0.030205298205935788,0.03384520160408576,0.0
1779864200,frontend,shippingservice,0.0096175685102757,1253.4194558654665,11.333967971749946,0.0,2026-05-27 06:43:20+00:00,5,9,0.000828386607258889,0.01187999304182402,0.01695584939822564,0.0
1779864200,recommendationservice,productcatalogservice,0.0096388636268584,17855.776736479824,22.712132726206057,0.0,2026-05-27 06:43:20+00:00,8,7,0.0008302208119602411,0.1692382405531383,0.03397781809318122,0.0
1779864215,checkoutservice,cartservice,0.0201495553974746,509.0707903474446,4.378904304517965,0.0,2026-05-27 06:43:35+00:00,2,1,0.0017355344872932474,0.0048250068393486155,0.006550930980369165,0.0
1779864215,checkoutservice,currencyservice,0.0186357914251429,665.615948673886,6.911035065108217,0.0,2026-05-27 06:43:35+00:00,2,3,0.0016051499935523601,0.006308752271052667,0.010339050722739836,0.0
1779864215,checkoutservice,emailservice,0.0097761904761904,405.2944444444444,2.1333333333333333,0.0,2026-05-27 06:43:35+00:00,2,4,0.0008420491366227735,0.003841407724571598,0.003191510581852273,0.0
1779864215,checkoutservice,paymentservice,0.0201500555530865,287.2147386470532,2.2665911161478123,0.0,2026-05-27 06:43:35+00:00,2,6,0.0017355775670186478,0.0027222404125523078,0.0033908669680866076,0.0
1779864215,checkoutservice,productcatalogservice,0.0091333333333333,739.3833333333332,4.755555555555556,0.0,2026-05-27 06:43:35+00:00,2,7,0.0007866781510192335,0.0070079244534907315,0.007114409005379026,0.0
1779864215,checkoutservice,shippingservice,0.0094374999999999,550.4277777777777,4.333333333333333,0.0,2026-05-27 06:43:35+00:00,2,9,0.0008128768303186823,0.005216991119314903,0.006482755869387428,0.0
1779864215,frontend,adservice,0.0179108695652173,3434.9888888888886,24.02222222222222,0.0,2026-05-27 06:43:35+00:00,5,0,0.001542710556866262,0.03255705335335311,0.035937738947732355,0.0
1779864215,frontend,cartservice,0.022317514766379,5204.065119174671,42.01127712557809,0.0,2026-05-27 06:43:35+00:00,5,1,0.0019222665604116279,0.04932447562999212,0.06284973539222381,0.0
1779864215,frontend,checkoutservice,0.2292142857142857,529.8888888888889,2.2666666666666666,0.0,2026-05-27 06:43:35+00:00,5,2,0.019742832533530208,0.005022322163168602,0.0033909799932180396,0.0
1779864215,frontend,currencyservice,0.0195666587740781,23839.22696151776,221.75309245515007,0.0,2026-05-27 06:43:35+00:00,5,3,0.0016853280597827823,0.22594978009954586,0.3317471911542548,0.0
1779864215,frontend,productcatalogservice,0.0109018749999998,36463.316666666666,169.39999999999998,0.0,2026-05-27 06:43:35+00:00,5,7,0.000939007321274746,0.34560174270050653,0.253425887140207,0.0
1779864215,frontend,recommendationservice,0.0399200618293523,3173.345394525676,22.421728417008627,0.0,2026-05-27 06:43:35+00:00,5,8,0.0034384204848709994,0.030077178896380338,0.03354336726857852,0.0
1779864215,frontend,shippingservice,0.0097624999999999,1244.8388888888887,11.266666666666666,0.0,2026-05-27 06:43:35+00:00,5,9,0.0008408699397071404,0.011798665856818533,0.016855165260407312,0.0
1779864215,recommendationservice,productcatalogservice,0.0098316543794299,17662.72952807036,22.31061730589752,0.0,2026-05-27 06:43:35+00:00,8,7,0.0008468263892704479,0.16740852626083505,0.033377142759107054,0.0
1779864230,checkoutservice,cartservice,0.016400237008947,458.0168947742623,3.91076351858435,0.0,2026-05-27 06:43:50+00:00,2,1,0.0014125957802710596,0.0043411146184889815,0.005850582727820522,0.0
1779864230,checkoutservice,currencyservice,0.019281189903711,687.9912574406001,6.622825794173954,0.0,2026-05-27 06:43:50+00:00,2,3,0.0016607398711206717,0.00652082693705,0.009907883720564229,0.0
1779864230,checkoutservice,emailservice,0.0097411764705882,371.7888888888888,2.022222222222222,0.0,2026-05-27 06:43:50+00:00,2,4,0.000839033287733695,0.003523839838577994,0.0030252860723808,0.0
1779864230,checkoutservice,paymentservice,0.0204999999999999,262.9833333333333,1.9555555555555555,0.0,2026-05-27 06:43:50+00:00,2,6,0.0017657192075796642,0.0024925735399235907,0.0029255513666979166,0.0
1779864230,checkoutservice,productcatalogservice,0.0089800666857705,762.512984517648,4.732798744233916,0.0,2026-05-27 06:43:50+00:00,2,7,0.0007734768893859173,0.007227148827138055,0.007080364347187355,0.0
1779864230,checkoutservice,shippingservice,0.0096545454545454,513.5944444444444,3.911111111111111,0.0,2026-05-27 06:43:50+00:00,2,9,0.0008315715292459432,0.0048678823340160176,0.005851102733395833,0.0
1779864230,frontend,adservice,0.0182623494444444,3396.796713726303,23.93280397414436,0.0,2026-05-27 06:43:50+00:00,5,0,0.001572984448272558,0.03219506537473956,0.035803967407911495,0.0
1779864230,frontend,cartservice,0.0227966670331484,5258.928575554639,42.46195922911385,0.0,2026-05-27 06:43:50+00:00,5,1,0.001963537212157485,0.049844475121777886,0.06352396509651405,0.0
1779864230,frontend,checkoutservice,0.2309286367330353,492.9355608886518,1.955512100696759,0.0,2026-05-27 06:43:50+00:00,5,2,0.019890494119985815,0.004672076060428853,0.002925486357334628,0.0
1779864230,frontend,currencyservice,0.0218119766078521,23719.25900232536,223.1039358491697,0.0,2026-05-27 06:43:50+00:00,5,3,0.001878723222037218,0.22481271579614917,0.333768080679148,0.0
1779864230,frontend,productcatalogservice,0.0120492961715639,36960.10337444439,173.55529150337745,0.0,2026-05-27 06:43:50+00:00,5,7,0.0010378377408754437,0.3503103201875178,0.25964228876694606,0.0
1779864230,frontend,recommendationservice,0.042693094566242,3221.3094689280542,22.974962952982192,0.0,2026-05-27 06:43:50+00:00,5,8,0.003677269127152627,0.030531785586496166,0.03437101752286247,0.0
1779864230,frontend,shippingservice,0.0098193455555555,1273.2714202825553,11.599738283236793,0.0,2026-05-27 06:43:50+00:00,5,9,0.0008457661977222653,0.012068151282098588,0.01735344725515647,0.0
1779864230,recommendationservice,productcatalogservice,0.0122626685664939,17938.017638939713,22.928419833703572,0.0,2026-05-27 06:43:50+00:00,8,7,0.0010562160694654523,0.17001772530136425,0.034301388058320226,0.0
1779864245,checkoutservice,cartservice,0.0183249999999999,478.0999999999999,4.088888888888889,0.0,2026-05-27 06:44:05+00:00,2,1,0.0015783807062876745,0.004531463626734782,0.006117061948550189,0.0
1779864245,checkoutservice,currencyservice,0.022074945598706,721.9322384301981,7.245719834263562,0.0,2026-05-27 06:44:05+00:00,2,3,0.0019013734365810509,0.006842521814293381,0.010839746026963618,0.0
1779864245,checkoutservice,emailservice,0.0097555555555555,374.5222222222222,2.0444444444444443,0.0,2026-05-27 06:44:05+00:00,2,4,0.000840271796344143,0.003549746553867143,0.0030585309742750945,0.0
1779864245,checkoutservice,paymentservice,0.0204500555530865,265.42133450362564,2.088819263900925,0.0,2026-05-27 06:44:05+00:00,2,6,0.0017614173603003015,0.0025156810773114104,0.0031249166176484425,0.0
1779864245,checkoutservice,productcatalogservice,0.0089150151312636,820.0205170464366,5.133222238187607,0.0,2026-05-27 06:44:05+00:00,2,7,0.0007678738269822224,0.007772209048676379,0.007679406136957104,0.0
1779864245,checkoutservice,shippingservice,0.0096101239669421,513.1343570661631,4.088222444370395,0.0,2026-05-27 06:44:05+00:00,2,9,0.0008277453890561671,0.004863521595217018,0.0061160649338316,0.0
1779864245,frontend,adservice,0.0208215438944225,3453.4240576830884,24.409459987051942,0.0,2026-05-27 06:44:05+00:00,5,0,0.0017934146334558571,0.03273178311039899,0.036517054615301206,0.0
1779864245,frontend,cartservice,0.0246924581005586,5442.022222222222,43.53333333333333,0.0,2026-05-27 06:44:05+00:00,5,1,0.0021268267097811024,0.05157984889329092,0.06512676281092293,0.0
1779864245,frontend,checkoutservice,0.2396153846153846,503.44444444444434,2.088888888888889,0.0,2026-05-27 06:44:05+00:00,5,2,0.020638706685218312,0.004771679958338631,0.003125020778063684,0.0
1779864245,frontend,currencyservice,0.0231792670843916,24242.51939076788,229.5708928469952,0.0,2026-05-27 06:44:05+00:00,5,3,0.0019964915662697333,0.2297722125908331,0.34344278147177787,0.0
1779864245,frontend,productcatalogservice,0.0175770976151855,37677.450055582216,175.68495118419227,0.0,2026-05-27 06:44:05+00:00,5,7,0.0015139618962261413,0.35710937978453716,0.26282830348900765,0.0
1779864245,frontend,recommendationservice,0.0456249999999999,3331.422222222222,23.177777777777777,0.0,2026-05-27 06:44:05+00:00,5,8,0.003929801894918166,0.031575441592336245,0.03467443267574917,0.0
1779864245,frontend,shippingservice,0.0186316633343587,1345.759735643674,12.30906734792106,0.0,2026-05-27 06:44:05+00:00,5,9,0.0016047944301773214,0.012755200360580475,0.018414618137635477,0.0
1779864245,recommendationservice,productcatalogservice,0.0151940046280174,18394.528051358862,23.043894891810726,0.0,2026-05-27 06:44:05+00:00,8,7,0.0013086997956948665,0.17434456137980614,0.03447414112233069,0.0
1779864260,checkoutservice,cartservice,0.0178002683020314,503.1136641707586,4.13300844559982,0.0,2026-05-27 06:44:20+00:00,2,1,0.0015331841776082171,0.004768544800884859,0.00618306571360155,0.0
1779864260,checkoutservice,currencyservice,0.0222332672751133,762.9291723528968,7.177813362569464,0.0,2026-05-27 06:44:20+00:00,2,3,0.001915010101215616,0.007231093483145834,0.01073815654743801,0.0
1779864260,checkoutservice,emailservice,0.0106,423.19444444444434,2.1111111111111107,0.0,2026-05-27 06:44:20+00:00,2,4,0.0009130060292850991,0.0040110651161602865,0.0031582656799579775,0.0
1779864260,checkoutservice,paymentservice,0.0098344792586257,284.418240845686,2.02228889333363,0.0,2026-05-27 06:44:20+00:00,2,6,0.0008470697035853317,0.0026957350202303264,0.003025385813735907,0.0
1779864260,checkoutservice,productcatalogservice,0.0088750188879457,847.1972413808951,5.110858303578343,0.0,2026-05-27 06:44:20+00:00,2,7,0.000764428844784298,0.00802979185105119,0.007645949230414611,0.0
1779864260,checkoutservice,shippingservice,0.0152999999999999,557.5444444444445,4.155555555555555,0.0,2026-05-27 06:44:20+00:00,2,9,0.0013178294573643326,0.005284443359732382,0.006216796654233072,0.0
1779864260,frontend,adservice,0.0211034094503163,3523.500172338019,25.0216731108247,0.0,2026-05-27 06:44:20+00:00,5,0,0.001817692459114238,0.03339596919000935,0.03743293805102133,0.0
1779864260,frontend,cartservice,0.024807381232765,5478.113756535808,43.706741806258805,0.0,2026-05-27 06:44:20+00:00,5,1,0.002136725343046081,0.051921926858099675,0.06538618545607504,0.0
1779864260,frontend,checkoutservice,0.2403999813337204,540.2128695514767,2.0443990143647937,0.0,2026-05-27 06:44:20+00:00,5,2,0.020706286075255848,0.005120173539147749,0.003058463009940748,0.0
1779864260,frontend,currencyservice,0.0239765311472288,25318.407568434563,239.33059333816007,0.0,2026-05-27 06:44:20+00:00,5,3,0.002065162028185082,0.23996955235977377,0.35804349431236915,0.0
1779864260,frontend,productcatalogservice,0.0185004608600317,37810.14197464606,171.34315339460298,0.0,2026-05-27 06:44:20+00:00,5,7,0.001593493614128484,0.3583670426266192,0.25633288461881837,0.0
1779864260,frontend,recommendationservice,0.0474405867806979,3241.6986026996515,22.422233130710584,0.0,2026-05-27 06:44:20+00:00,5,8,0.004086183185245298,0.030725035153671698,0.0335441223306663,0.0
1779864260,frontend,shippingservice,0.0197199144005072,1293.7990852258415,11.644183715291664,0.0,2026-05-27 06:44:20+00:00,5,9,0.0016985283721367096,0.0122627138569413,0.01741993853643059,0.0
1779864260,recommendationservice,productcatalogservice,0.0169873449601838,17841.68902096085,22.532702394118857,0.0,2026-05-27 06:44:20+00:00,8,7,0.0014631649405843065,0.1691047162476415,0.03370938662276174,0.0
1779864275,checkoutservice,cartservice,0.0212498266435524,533.0217075628259,4.22260945155682,0.0,2026-05-27 06:44:35+00:00,2,1,0.0018303037591345735,0.005052015227109411,0.006317110662971724,0.0
1779864275,checkoutservice,currencyservice,0.0228428702180227,677.0333191373797,6.733148168721993,0.0,2026-05-27 06:44:35+00:00,2,3,0.0019675168146445045,0.006416966868350885,0.010072928263901012,0.0
1779864275,checkoutservice,emailservice,0.0106,419.87222222222215,2.0,0.0,2026-05-27 06:44:35+00:00,2,4,0.0009130060292850991,0.003979576872780387,0.0029920411704865055,0.0
1779864275,checkoutservice,paymentservice,0.0098362068965517,281.4888888888888,2.022222222222222,0.0,2026-05-27 06:44:35+00:00,2,6,0.0008472185096082429,0.002667970427379185,0.0030252860723808,0.0
1779864275,checkoutservice,productcatalogservice,0.0081499099549774,824.2156516131901,4.822889289129033,0.0,2026-05-27 06:44:35+00:00,2,7,0.00070197329500236,0.007811970813366823,0.007215141656886231,0.0
1779864275,checkoutservice,shippingservice,0.0151000000000001,564.1444444444444,4.266666666666666,0.0,2026-05-27 06:44:35+00:00,2,9,0.0013006029285099138,0.005346998599089104,0.006383021163704544,0.0
1779864275,frontend,adservice,0.0215441596041117,3609.542769621049,25.42195464917161,0.0,2026-05-27 06:44:35+00:00,5,0,0.001855655435324005,0.034211486654844823,0.038031767472281146,0.0
1779864275,frontend,cartservice,0.0248896752843862,5514.933741701148,43.82708616668722,0.0,2026-05-27 06:44:35+00:00,5,1,0.002143813547320086,0.052270909128573746,0.06556622309659388,0.0
1779864275,frontend,checkoutservice,0.241093780990186,525.7868942323362,2.044489878562504,0.0,2026-05-27 06:44:35+00:00,5,2,0.02076604487426236,0.00498344318474729,0.0030585989446509842,0.0
1779864275,frontend,currencyservice,0.024309774762597,25596.030402270204,238.99871455427711,0.0,2026-05-27 06:44:35+00:00,5,3,0.002093865181963566,0.24260088005999808,0.3575469968198748,0.0
1779864275,frontend,productcatalogservice,0.0196937151089941,37825.86367520568,171.5184768692922,0.0,2026-05-27 06:44:35+00:00,5,7,0.0016962717578806288,0.3585160539511043,0.25659517214602984,0.0
1779864275,frontend,recommendationservice,0.0476981858020458,3159.1959213478917,21.988331556874225,0.0,2026-05-27 06:44:35+00:00,5,8,0.004108370870115918,0.02994306924768218,0.032894996644237666,0.0
1779864275,frontend,shippingservice,0.0203594533858521,1221.1774246756645,11.066913591221336,0.0,2026-05-27 06:44:35+00:00,5,9,0.0017536135560596124,0.011574400923880837,0.01655633054757545,0.0
1779864275,recommendationservice,productcatalogservice,0.0179179438021466,17422.77698758853,21.92449599738879,0.0,2026-05-27 06:44:35+00:00,8,7,0.0015433198795991906,0.1651342401086995,0.03279949733317693,0.0
1779864290,checkoutservice,cartservice,0.0217001749708381,458.5759325088252,4.0440000987434885,0.0,2026-05-27 06:44:50+00:00,2,1,0.0018690934514072439,0.0043464132153518634,0.006049907394446006,0.0
1779864290,checkoutservice,currencyservice,0.0220705882352941,759.511111111111,7.111111111111111,0.0,2026-05-27 06:44:50+00:00,2,3,0.001900998125348329,0.007198696871158585,0.010638368606174241,0.0
1779864290,checkoutservice,emailservice,0.0107499999999998,423.88888888888886,2.1777777777777776,0.0,2026-05-27 06:44:50+00:00,2,4,0.0009259259259259087,0.0040176471068333434,0.0032580003856408613,0.0
1779864290,checkoutservice,paymentservice,0.009833336419593,271.9821560044145,2.066597041678703,0.0,2026-05-27 06:44:50+00:00,2,6,0.0008469712678374678,0.0025778649802445292,0.003091671715754148,0.0
1779864290,checkoutservice,productcatalogservice,0.0081082581364508,849.3655166112259,5.066877563670398,0.0,2026-05-27 06:44:50+00:00,2,7,0.0006983857137339191,0.008050342908024614,0.007580153138158096,0.0
1779864290,checkoutservice,shippingservice,0.0159984994998333,526.056420658738,4.045111333407432,0.0,2026-05-27 06:44:50+00:00,2,9,0.0013779930663077777,0.004985997774158886,0.0060515698243783006,0.0
1779864290,frontend,adservice,0.0204767725979823,3586.29156193918,25.174785422822566,0.0,2026-05-27 06:44:50+00:00,5,0,0.0017637185700243153,0.033991110160621764,0.037661997221624326,0.0
1779864290,frontend,cartservice,0.0238565415492981,5432.410495198597,43.70623318274951,0.0,2026-05-27 06:44:50+00:00,5,1,0.002054827006830155,0.051488748304716024,0.065385424544835,0.0
1779864290,frontend,checkoutservice,0.23875,494.3888888888888,2.0444444444444443,0.0,2026-05-27 06:44:50+00:00,5,2,0.020564168819982773,0.004685850799961981,0.0030585309742750945,0.0
1779864290,frontend,currencyservice,0.0241010714285714,25130.088888888888,235.0,0.0,2026-05-27 06:44:50+00:00,5,3,0.002075889011935521,0.23818465537881592,0.3515648375321644,0.0
1779864290,frontend,productcatalogservice,0.018138832536848,37881.24638832707,172.651134373989,0.0,2026-05-27 06:44:50+00:00,5,7,0.001562345610408958,0.3590409749928518,0.2582896510890865,0.0
1779864290,frontend,recommendationservice,0.0476198869074145,3157.9737858564317,22.24395162684128,0.0,2026-05-27 06:44:50+00:00,5,8,0.004101626779277735,0.02993148576613754,0.0332774095309097,0.0
1779864290,frontend,shippingservice,0.0157175801275372,1237.947300952169,10.97963024711941,0.0,2026-05-27 06:44:50+00:00,5,9,0.0013537967379446342,0.011733346927586803,0.0164257528680501,0.0
1779864290,recommendationservice,productcatalogservice,0.0179102556122591,17572.632877064298,22.333718677024397,0.0,2026-05-27 06:44:50+00:00,8,7,0.0015426576754745136,0.16655458420493757,0.033411702885860206,0.0
1779864305,checkoutservice,cartservice,0.0225001588597646,535.281237796193,4.4438905057776,0.0,2026-05-27 06:45:05+00:00,2,1,0.0019379981791356245,0.005073431205076385,0.00664815167521034,0.0
1779864305,checkoutservice,currencyservice,0.0226714283144412,724.6554724709822,7.266628149004096,0.0,2026-05-27 06:45:05+00:00,2,3,0.0019527500701499742,0.006868332807815445,0.010871025296218202,0.0
1779864305,checkoutservice,emailservice,0.0098285714285714,401.5666666666666,2.1111111111111107,0.0,2026-05-27 06:45:05+00:00,2,4,0.0008465608465608441,0.003806075598638633,0.0031582656799579775,0.0
1779864305,checkoutservice,paymentservice,0.0096666666666666,286.3722222222222,2.1777777777777776,0.0,2026-05-27 06:45:05+00:00,2,6,0.0008326155612977261,0.0027142549857921148,0.0032580003856408613,0.0
1779864305,checkoutservice,productcatalogservice,0.0080416346284238,859.4848994522637,5.044523459687357,0.0,2026-05-27 06:45:05+00:00,2,7,0.0006926472548168648,0.008146255092231195,0.0075467109384347985,0.0
1779864305,checkoutservice,shippingservice,0.0095100200436426,570.1662773012557,4.48878617740446,0.0,2026-05-27 06:45:05+00:00,2,9,0.0008191231734403617,0.005404073931774562,0.006715316524152444,0.0
1779864305,frontend,adservice,0.0202429381228602,3478.782957514161,24.600553111002466,0.0,2026-05-27 06:45:05+00:00,5,0,0.0017435777883600518,0.03297213645111958,0.03680293386242963,0.0
1779864305,frontend,cartservice,0.0239227331152468,5324.610731874087,42.81795094906694,0.0,2026-05-27 06:45:05+00:00,5,1,0.002060528261433833,0.05046701497178225,0.06405653603774002,0.0
1779864305,frontend,checkoutservice,0.237499994444321,554.1213140337102,2.177826174990493,0.0,2026-05-27 06:45:05+00:00,5,2,0.020456502536117225,0.005251998701824388,0.003258072788867352,0.0
1779864305,frontend,currencyservice,0.0234735135731422,24644.729246957413,231.4705276649972,0.0,2026-05-27 06:45:05+00:00,5,3,0.002021835794413626,0.23358438438258608,0.34628467426395365,0.0
1779864305,frontend,productcatalogservice,0.0183844294207732,37811.11928134851,174.80678744034117,0.0,2026-05-27 06:45:05+00:00,5,7,0.0015834995194464426,0.3583763056046036,0.2615145524509921,0.0
1779864305,frontend,recommendationservice,0.0456179890279817,3271.2483498032007,22.57827952847287,0.0,2026-05-27 06:45:05+00:00,5,8,0.00392919802135932,0.031005109623822177,0.033777570953971735,0.0
1779864305,frontend,shippingservice,0.0142861885503501,1241.5735256623675,11.088891873755836,0.0,2026-05-27 06:45:05+00:00,5,9,0.0012305071964125842,0.011767716526784945,0.016589210510675356,0.0
1779864305,recommendationservice,productcatalogservice,0.0169175424537214,17874.098846073764,22.689270631473818,0.0,2026-05-27 06:45:05+00:00,8,7,0.0014571526661258745,0.16941189872755785,0.03394361592884001,0.0
1779864320,checkoutservice,cartservice,0.0228575726437175,512.4137505793715,4.796512923680758,0.0,2026-05-27 06:45:20+00:00,2,1,0.001968783173446813,0.004856691638965009,0.007175682071211714,0.0
1779864320,checkoutservice,currencyservice,0.0225113731412639,862.2045498882592,8.577985208233013,0.0,2026-05-27 06:45:20+00:00,2,3,0.0019389640948547719,0.008172032120108516,0.012832842451428718,0.0
1779864320,checkoutservice,emailservice,0.0099884615384615,460.5388888888888,2.4888888888888885,0.0,2026-05-27 06:45:20+00:00,2,4,0.0008603326045186477,0.0043650182465945426,0.0037234290121609843,0.0
1779864320,checkoutservice,paymentservice,0.01985,300.3944444444444,2.4888888888888885,0.0,2026-05-27 06:45:20+00:00,2,6,0.0017097329888027563,0.0028471585414624597,0.0037234290121609843,0.0
1779864320,checkoutservice,productcatalogservice,0.0081929587075887,970.3532128662764,6.088567972549309,0.0,2026-05-27 06:45:20+00:00,2,7,0.0007056811978973902,0.009197072347184199,0.009108623021586543,0.0
1779864320,checkoutservice,shippingservice,0.0095274689525655,585.4214325907169,4.821133841244455,0.0,2026-05-27 06:45:20+00:00,2,9,0.0008206260941055556,0.005548663309131566,0.007212515470714581,0.0
1779864320,frontend,adservice,0.0191979071522794,3415.368760364602,24.088900847802524,0.0,2026-05-27 06:45:20+00:00,5,0,0.0016535665075176056,0.032371092469103656,0.03603749154419622,0.0
1779864320,frontend,cartservice,0.0236656590767357,5330.872673856298,42.52185629367064,0.0,2026-05-27 06:45:20+00:00,5,1,0.002038385794723144,0.05052636607474212,0.06361357233808664,0.0
1779864320,frontend,checkoutservice,0.2394999866670814,581.7616677406692,2.488805931456421,0.0,2026-05-27 06:45:20+00:00,5,2,0.020628767154787373,0.005513975814255194,0.003723304906134314,0.0
1779864320,frontend,currencyservice,0.0222124539410747,24019.304509045745,225.4210900996339,0.0,2026-05-27 06:45:20+00:00,5,3,0.0019132173937187512,0.2276565670826345,0.3372345911370263,0.0
1779864320,frontend,productcatalogservice,0.0157061051726907,37658.53746075934,174.96245879213146,0.0,2026-05-27 06:45:20+00:00,5,7,0.0013528083697408012,0.35693012495180965,0.26174743999780303,0.0
1779864320,frontend,recommendationservice,0.0453484783907469,3280.948093617249,22.944047084659932,0.0,2026-05-27 06:45:20+00:00,5,8,0.0039059843575148063,0.03109704444139592,0.0343247667474417,0.0
1779864320,frontend,shippingservice,0.0139022189644831,1295.9223877422853,11.419142028248665,0.0,2026-05-27 06:45:20+00:00,5,9,0.0011974348806617658,0.012282838659538706,0.017083271540076394,0.0
1779864320,recommendationservice,productcatalogservice,0.0141144235631397,18391.339244648385,23.054678421293247,0.0,2026-05-27 06:45:20+00:00,8,7,0.0012157126238707752,0.17431433765752793,0.03449027350441811,0.0
1779864335,checkoutservice,cartservice,0.0230411566773468,593.3995892318748,4.95571852938344,0.0,2026-05-27 06:45:35+00:00,2,1,0.0019845957517094573,0.00562428080887597,0.007413856934629047,0.0
1779864335,checkoutservice,currencyservice,0.0221184210526315,809.5388888888888,8.222222222222221,0.0,2026-05-27 06:45:35+00:00,2,3,0.0019051180923885874,0.007672863479245534,0.012300613700888967,0.0
1779864335,checkoutservice,emailservice,0.0195499999999999,467.0111111111111,2.3777777777777773,0.0,2026-05-27 06:45:35+00:00,2,4,0.001683893195521094,0.0044263623996674255,0.0035572045026895116,0.0
1779864335,checkoutservice,paymentservice,0.0194498733220731,317.6508756723119,2.489054836941221,0.0,2026-05-27 06:45:35+00:00,2,6,0.00167526901998907,0.0030107161453870194,0.0037236772738633546,0.0
1779864335,checkoutservice,productcatalogservice,0.0085390547374188,978.3047011394682,5.732742497945403,0.0,2026-05-27 06:45:35+00:00,2,7,0.0007354913641187598,0.009272437082361728,0.008576300786825149,0.0
1779864335,checkoutservice,shippingservice,0.0095308090692328,645.5956831956942,5.021940772012986,0.0,2026-05-27 06:45:35+00:00,2,9,0.0008209137871862877,0.006118998862117297,0.00751292677280382,0.0
