timestamp,src_service,dst_service,network_latency_seconds,payload_size_bytes,edge_request_rate_rps,time,src_id,dst_id,network_latency_seconds_norm,payload_size_bytes_norm,edge_request_rate_rps_norm
1779756703,checkoutservice,cartservice,0.0,0.0,0.0,2026-05-26 00:51:43+00:00,2,1,0.0,0.0,0.0
1779756703,checkoutservice,currencyservice,0.0,0.0,0.0,2026-05-26 00:51:43+00:00,2,3,0.0,0.0,0.0
1779756703,checkoutservice,emailservice,0.0,0.0,0.0,2026-05-26 00:51:43+00:00,2,4,0.0,0.0,0.0
1779756703,checkoutservice,paymentservice,0.0,0.0,0.0,2026-05-26 00:51:43+00:00,2,6,0.0,0.0,0.0
1779756703,checkoutservice,productcatalogservice,0.0,0.0,0.0,2026-05-26 00:51:43+00:00,2,7,0.0,0.0,0.0
1779756703,checkoutservice,shippingservice,0.0,0.0,0.0,2026-05-26 00:51:43+00:00,2,9,0.0,0.0,0.0
1779756703,frontend,adservice,0.0,0.0,0.0,2026-05-26 00:51:43+00:00,5,0,0.0,0.0,0.0
1779756703,frontend,cartservice,0.0,0.0,0.0,2026-05-26 00:51:43+00:00,5,1,0.0,0.0,0.0
1779756703,frontend,checkoutservice,0.0,0.0,0.0,2026-05-26 00:51:43+00:00,5,2,0.0,0.0,0.0
1779756703,frontend,currencyservice,0.0,0.0,0.0,2026-05-26 00:51:43+00:00,5,3,0.0,0.0,0.0
1779756703,frontend,productcatalogservice,0.0,0.0,0.0,2026-05-26 00:51:43+00:00,5,7,0.0,0.0,0.0
1779756703,frontend,recommendationservice,0.0,0.0,0.0,2026-05-26 00:51:43+00:00,5,8,0.0,0.0,0.0
1779756703,frontend,shippingservice,0.0,0.0,0.0,2026-05-26 00:51:43+00:00,5,9,0.0,0.0,0.0
1779756703,recommendationservice,productcatalogservice,0.0,0.0,0.0,2026-05-26 00:51:43+00:00,8,7,0.0,0.0,0.0
1779756718,checkoutservice,cartservice,0.0,0.0,0.0,2026-05-26 00:51:58+00:00,2,1,0.0,0.0,0.0
1779756718,checkoutservice,currencyservice,0.0,0.0,0.0,2026-05-26 00:51:58+00:00,2,3,0.0,0.0,0.0
1779756718,checkoutservice,emailservice,0.0,0.0,0.0,2026-05-26 00:51:58+00:00,2,4,0.0,0.0,0.0
1779756718,checkoutservice,paymentservice,0.0,0.0,0.0,2026-05-26 00:51:58+00:00,2,6,0.0,0.0,0.0
1779756718,checkoutservice,productcatalogservice,0.0,0.0,0.0,2026-05-26 00:51:58+00:00,2,7,0.0,0.0,0.0
1779756718,checkoutservice,shippingservice,0.0,0.0,0.0,2026-05-26 00:51:58+00:00,2,9,0.0,0.0,0.0
1779756718,frontend,adservice,0.0,0.0,0.0,2026-05-26 00:51:58+00:00,5,0,0.0,0.0,0.0
1779756718,frontend,cartservice,0.0,0.0,0.0,2026-05-26 00:51:58+00:00,5,1,0.0,0.0,0.0
1779756718,frontend,checkoutservice,0.0,0.0,0.0,2026-05-26 00:51:58+00:00,5,2,0.0,0.0,0.0
1779756718,frontend,currencyservice,0.0,0.0,0.0,2026-05-26 00:51:58+00:00,5,3,0.0,0.0,0.0
1779756718,frontend,productcatalogservice,0.0,0.0,0.0,2026-05-26 00:51:58+00:00,5,7,0.0,0.0,0.0
1779756718,frontend,recommendationservice,0.0,0.0,0.0,2026-05-26 00:51:58+00:00,5,8,0.0,0.0,0.0
1779756718,frontend,shippingservice,0.0,0.0,0.0,2026-05-26 00:51:58+00:00,5,9,0.0,0.0,0.0
1779756718,recommendationservice,productcatalogservice,0.0,0.0,0.0,2026-05-26 00:51:58+00:00,8,7,0.0,0.0,0.0
1779756733,checkoutservice,cartservice,0.0,0.0,0.0,2026-05-26 00:52:13+00:00,2,1,0.0,0.0,0.0
1779756733,checkoutservice,currencyservice,0.0,0.0,0.0,2026-05-26 00:52:13+00:00,2,3,0.0,0.0,0.0
1779756733,checkoutservice,emailservice,0.0,0.0,0.0,2026-05-26 00:52:13+00:00,2,4,0.0,0.0,0.0
1779756733,checkoutservice,paymentservice,0.0,0.0,0.0,2026-05-26 00:52:13+00:00,2,6,0.0,0.0,0.0
1779756733,checkoutservice,productcatalogservice,0.0,0.0,0.0,2026-05-26 00:52:13+00:00,2,7,0.0,0.0,0.0
1779756733,checkoutservice,shippingservice,0.0,0.0,0.0,2026-05-26 00:52:13+00:00,2,9,0.0,0.0,0.0
1779756733,frontend,adservice,0.0,0.0,0.0,2026-05-26 00:52:13+00:00,5,0,0.0,0.0,0.0
1779756733,frontend,cartservice,0.0,0.0,0.0,2026-05-26 00:52:13+00:00,5,1,0.0,0.0,0.0
1779756733,frontend,checkoutservice,0.0,0.0,0.0,2026-05-26 00:52:13+00:00,5,2,0.0,0.0,0.0
1779756733,frontend,currencyservice,0.0,0.0,0.0,2026-05-26 00:52:13+00:00,5,3,0.0,0.0,0.0
1779756733,frontend,productcatalogservice,0.0,0.0,0.0,2026-05-26 00:52:13+00:00,5,7,0.0,0.0,0.0
1779756733,frontend,recommendationservice,0.0,0.0,0.0,2026-05-26 00:52:13+00:00,5,8,0.0,0.0,0.0
1779756733,frontend,shippingservice,0.0,0.0,0.0,2026-05-26 00:52:13+00:00,5,9,0.0,0.0,0.0
1779756733,recommendationservice,productcatalogservice,0.0,0.0,0.0,2026-05-26 00:52:13+00:00,8,7,0.0,0.0,0.0
1779756748,checkoutservice,cartservice,0.0,0.0,0.0,2026-05-26 00:52:28+00:00,2,1,0.0,0.0,0.0
1779756748,checkoutservice,currencyservice,0.0,0.0,0.0,2026-05-26 00:52:28+00:00,2,3,0.0,0.0,0.0
1779756748,checkoutservice,emailservice,0.0,0.0,0.0,2026-05-26 00:52:28+00:00,2,4,0.0,0.0,0.0
1779756748,checkoutservice,paymentservice,0.0,0.0,0.0,2026-05-26 00:52:28+00:00,2,6,0.0,0.0,0.0
1779756748,checkoutservice,productcatalogservice,0.0,0.0,0.0,2026-05-26 00:52:28+00:00,2,7,0.0,0.0,0.0
1779756748,checkoutservice,shippingservice,0.0,0.0,0.0,2026-05-26 00:52:28+00:00,2,9,0.0,0.0,0.0
1779756748,frontend,adservice,0.0,0.0,0.0,2026-05-26 00:52:28+00:00,5,0,0.0,0.0,0.0
1779756748,frontend,cartservice,0.0,0.0,0.0,2026-05-26 00:52:28+00:00,5,1,0.0,0.0,0.0
1779756748,frontend,checkoutservice,0.0,0.0,0.0,2026-05-26 00:52:28+00:00,5,2,0.0,0.0,0.0
1779756748,frontend,currencyservice,0.0,0.0,0.0,2026-05-26 00:52:28+00:00,5,3,0.0,0.0,0.0
1779756748,frontend,productcatalogservice,0.0,0.0,0.0,2026-05-26 00:52:28+00:00,5,7,0.0,0.0,0.0
1779756748,frontend,recommendationservice,0.0,0.0,0.0,2026-05-26 00:52:28+00:00,5,8,0.0,0.0,0.0
1779756748,frontend,shippingservice,0.0,0.0,0.0,2026-05-26 00:52:28+00:00,5,9,0.0,0.0,0.0
1779756748,recommendationservice,productcatalogservice,0.0,0.0,0.0,2026-05-26 00:52:28+00:00,8,7,0.0,0.0,0.0
1779756763,checkoutservice,cartservice,0.0,0.0,0.0,2026-05-26 00:52:43+00:00,2,1,0.0,0.0,0.0
1779756763,checkoutservice,currencyservice,0.0,0.0,0.0,2026-05-26 00:52:43+00:00,2,3,0.0,0.0,0.0
1779756763,checkoutservice,emailservice,0.0,0.0,0.0,2026-05-26 00:52:43+00:00,2,4,0.0,0.0,0.0
1779756763,checkoutservice,paymentservice,0.0,0.0,0.0,2026-05-26 00:52:43+00:00,2,6,0.0,0.0,0.0
1779756763,checkoutservice,productcatalogservice,0.0,0.0,0.0,2026-05-26 00:52:43+00:00,2,7,0.0,0.0,0.0
1779756763,checkoutservice,shippingservice,0.0,0.0,0.0,2026-05-26 00:52:43+00:00,2,9,0.0,0.0,0.0
1779756763,frontend,adservice,0.0,0.0,0.0,2026-05-26 00:52:43+00:00,5,0,0.0,0.0,0.0
1779756763,frontend,cartservice,0.0,0.0,0.0,2026-05-26 00:52:43+00:00,5,1,0.0,0.0,0.0
1779756763,frontend,checkoutservice,0.0,0.0,0.0,2026-05-26 00:52:43+00:00,5,2,0.0,0.0,0.0
1779756763,frontend,currencyservice,0.0,0.0,0.0,2026-05-26 00:52:43+00:00,5,3,0.0,0.0,0.0
1779756763,frontend,productcatalogservice,0.0,0.0,0.0,2026-05-26 00:52:43+00:00,5,7,0.0,0.0,0.0
1779756763,frontend,recommendationservice,0.0,0.0,0.0,2026-05-26 00:52:43+00:00,5,8,0.0,0.0,0.0
1779756763,frontend,shippingservice,0.0,0.0,0.0,2026-05-26 00:52:43+00:00,5,9,0.0,0.0,0.0
1779756763,recommendationservice,productcatalogservice,0.0,0.0,0.0,2026-05-26 00:52:43+00:00,8,7,0.0,0.0,0.0
1779756778,checkoutservice,cartservice,0.0,0.0,0.0,2026-05-26 00:52:58+00:00,2,1,0.0,0.0,0.0
1779756778,checkoutservice,currencyservice,0.0,0.0,0.0,2026-05-26 00:52:58+00:00,2,3,0.0,0.0,0.0
1779756778,checkoutservice,emailservice,0.0,0.0,0.0,2026-05-26 00:52:58+00:00,2,4,0.0,0.0,0.0
1779756778,checkoutservice,paymentservice,0.0,0.0,0.0,2026-05-26 00:52:58+00:00,2,6,0.0,0.0,0.0
1779756778,checkoutservice,productcatalogservice,0.0,0.0,0.0,2026-05-26 00:52:58+00:00,2,7,0.0,0.0,0.0
1779756778,checkoutservice,shippingservice,0.0,0.0,0.0,2026-05-26 00:52:58+00:00,2,9,0.0,0.0,0.0
1779756778,frontend,adservice,0.0,0.0,0.0,2026-05-26 00:52:58+00:00,5,0,0.0,0.0,0.0
1779756778,frontend,cartservice,0.0,0.0,0.0,2026-05-26 00:52:58+00:00,5,1,0.0,0.0,0.0
1779756778,frontend,checkoutservice,0.0,0.0,0.0,2026-05-26 00:52:58+00:00,5,2,0.0,0.0,0.0
1779756778,frontend,currencyservice,0.0,0.0,0.0,2026-05-26 00:52:58+00:00,5,3,0.0,0.0,0.0
1779756778,frontend,productcatalogservice,0.0,0.0,0.0,2026-05-26 00:52:58+00:00,5,7,0.0,0.0,0.0
1779756778,frontend,recommendationservice,0.0,0.0,0.0,2026-05-26 00:52:58+00:00,5,8,0.0,0.0,0.0
1779756778,frontend,shippingservice,0.0,0.0,0.0,2026-05-26 00:52:58+00:00,5,9,0.0,0.0,0.0
1779756778,recommendationservice,productcatalogservice,0.0,0.0,0.0,2026-05-26 00:52:58+00:00,8,7,0.0,0.0,0.0
1779756793,checkoutservice,cartservice,0.0,0.0,0.0,2026-05-26 00:53:13+00:00,2,1,0.0,0.0,0.0
1779756793,checkoutservice,currencyservice,0.0,0.0,0.0,2026-05-26 00:53:13+00:00,2,3,0.0,0.0,0.0
1779756793,checkoutservice,emailservice,0.0,0.0,0.0,2026-05-26 00:53:13+00:00,2,4,0.0,0.0,0.0
1779756793,checkoutservice,paymentservice,0.0,0.0,0.0,2026-05-26 00:53:13+00:00,2,6,0.0,0.0,0.0
1779756793,checkoutservice,productcatalogservice,0.0,0.0,0.0,2026-05-26 00:53:13+00:00,2,7,0.0,0.0,0.0
1779756793,checkoutservice,shippingservice,0.0,0.0,0.0,2026-05-26 00:53:13+00:00,2,9,0.0,0.0,0.0
1779756793,frontend,adservice,0.0,0.0,0.0,2026-05-26 00:53:13+00:00,5,0,0.0,0.0,0.0
1779756793,frontend,cartservice,0.0,0.0,0.0,2026-05-26 00:53:13+00:00,5,1,0.0,0.0,0.0
1779756793,frontend,checkoutservice,0.0,0.0,0.0,2026-05-26 00:53:13+00:00,5,2,0.0,0.0,0.0
1779756793,frontend,currencyservice,0.0,0.0,0.0,2026-05-26 00:53:13+00:00,5,3,0.0,0.0,0.0
1779756793,frontend,productcatalogservice,0.0,0.0,0.0,2026-05-26 00:53:13+00:00,5,7,0.0,0.0,0.0
1779756793,frontend,recommendationservice,0.0,0.0,0.0,2026-05-26 00:53:13+00:00,5,8,0.0,0.0,0.0
1779756793,frontend,shippingservice,0.0,0.0,0.0,2026-05-26 00:53:13+00:00,5,9,0.0,0.0,0.0
1779756793,recommendationservice,productcatalogservice,0.0,0.0,0.0,2026-05-26 00:53:13+00:00,8,7,0.0,0.0,0.0
1779756808,checkoutservice,cartservice,0.0,0.0,0.0,2026-05-26 00:53:28+00:00,2,1,0.0,0.0,0.0
1779756808,checkoutservice,currencyservice,0.0,0.0,0.0,2026-05-26 00:53:28+00:00,2,3,0.0,0.0,0.0
1779756808,checkoutservice,emailservice,0.0,0.0,0.0,2026-05-26 00:53:28+00:00,2,4,0.0,0.0,0.0
1779756808,checkoutservice,paymentservice,0.0,0.0,0.0,2026-05-26 00:53:28+00:00,2,6,0.0,0.0,0.0
1779756808,checkoutservice,productcatalogservice,0.0,0.0,0.0,2026-05-26 00:53:28+00:00,2,7,0.0,0.0,0.0
1779756808,checkoutservice,shippingservice,0.0,0.0,0.0,2026-05-26 00:53:28+00:00,2,9,0.0,0.0,0.0
1779756808,frontend,adservice,0.0,0.0,0.0,2026-05-26 00:53:28+00:00,5,0,0.0,0.0,0.0
1779756808,frontend,cartservice,0.0,0.0,0.0,2026-05-26 00:53:28+00:00,5,1,0.0,0.0,0.0
1779756808,frontend,checkoutservice,0.0,0.0,0.0,2026-05-26 00:53:28+00:00,5,2,0.0,0.0,0.0
1779756808,frontend,currencyservice,0.0,0.0,0.0,2026-05-26 00:53:28+00:00,5,3,0.0,0.0,0.0
1779756808,frontend,productcatalogservice,0.0,0.0,0.0,2026-05-26 00:53:28+00:00,5,7,0.0,0.0,0.0
1779756808,frontend,recommendationservice,0.0,0.0,0.0,2026-05-26 00:53:28+00:00,5,8,0.0,0.0,0.0
1779756808,frontend,shippingservice,0.0,0.0,0.0,2026-05-26 00:53:28+00:00,5,9,0.0,0.0,0.0
1779756808,recommendationservice,productcatalogservice,0.0,0.0,0.0,2026-05-26 00:53:28+00:00,8,7,0.0,0.0,0.0
1779756823,checkoutservice,cartservice,0.0,0.0,0.0,2026-05-26 00:53:43+00:00,2,1,0.0,0.0,0.0
1779756823,checkoutservice,currencyservice,0.0,0.0,0.0,2026-05-26 00:53:43+00:00,2,3,0.0,0.0,0.0
1779756823,checkoutservice,emailservice,0.0,0.0,0.0,2026-05-26 00:53:43+00:00,2,4,0.0,0.0,0.0
1779756823,checkoutservice,paymentservice,0.0,0.0,0.0,2026-05-26 00:53:43+00:00,2,6,0.0,0.0,0.0
1779756823,checkoutservice,productcatalogservice,0.0,0.0,0.0,2026-05-26 00:53:43+00:00,2,7,0.0,0.0,0.0
1779756823,checkoutservice,shippingservice,0.0,0.0,0.0,2026-05-26 00:53:43+00:00,2,9,0.0,0.0,0.0
1779756823,frontend,adservice,0.0,0.0,0.0,2026-05-26 00:53:43+00:00,5,0,0.0,0.0,0.0
1779756823,frontend,cartservice,0.0,0.0,0.0,2026-05-26 00:53:43+00:00,5,1,0.0,0.0,0.0
1779756823,frontend,checkoutservice,0.0,0.0,0.0,2026-05-26 00:53:43+00:00,5,2,0.0,0.0,0.0
1779756823,frontend,currencyservice,0.0,0.0,0.0,2026-05-26 00:53:43+00:00,5,3,0.0,0.0,0.0
1779756823,frontend,productcatalogservice,0.0,0.0,0.0,2026-05-26 00:53:43+00:00,5,7,0.0,0.0,0.0
1779756823,frontend,recommendationservice,0.0,0.0,0.0,2026-05-26 00:53:43+00:00,5,8,0.0,0.0,0.0
1779756823,frontend,shippingservice,0.0,0.0,0.0,2026-05-26 00:53:43+00:00,5,9,0.0,0.0,0.0
1779756823,recommendationservice,productcatalogservice,0.0,0.0,0.0,2026-05-26 00:53:43+00:00,8,7,0.0,0.0,0.0
1779756838,checkoutservice,cartservice,0.0,0.0,0.0,2026-05-26 00:53:58+00:00,2,1,0.0,0.0,0.0
1779756838,checkoutservice,currencyservice,0.0,0.0,0.0,2026-05-26 00:53:58+00:00,2,3,0.0,0.0,0.0
1779756838,checkoutservice,emailservice,0.0,0.0,0.0,2026-05-26 00:53:58+00:00,2,4,0.0,0.0,0.0
1779756838,checkoutservice,paymentservice,0.0,0.0,0.0,2026-05-26 00:53:58+00:00,2,6,0.0,0.0,0.0
1779756838,checkoutservice,productcatalogservice,0.0,0.0,0.0,2026-05-26 00:53:58+00:00,2,7,0.0,0.0,0.0
1779756838,checkoutservice,shippingservice,0.0,0.0,0.0,2026-05-26 00:53:58+00:00,2,9,0.0,0.0,0.0
1779756838,frontend,adservice,0.0,0.0,0.0,2026-05-26 00:53:58+00:00,5,0,0.0,0.0,0.0
1779756838,frontend,cartservice,0.0,0.0,0.0,2026-05-26 00:53:58+00:00,5,1,0.0,0.0,0.0
1779756838,frontend,checkoutservice,0.0,0.0,0.0,2026-05-26 00:53:58+00:00,5,2,0.0,0.0,0.0
1779756838,frontend,currencyservice,0.0,0.0,0.0,2026-05-26 00:53:58+00:00,5,3,0.0,0.0,0.0
1779756838,frontend,productcatalogservice,0.0,0.0,0.0,2026-05-26 00:53:58+00:00,5,7,0.0,0.0,0.0
1779756838,frontend,recommendationservice,0.0,0.0,0.0,2026-05-26 00:53:58+00:00,5,8,0.0,0.0,0.0
1779756838,frontend,shippingservice,0.0,0.0,0.0,2026-05-26 00:53:58+00:00,5,9,0.0,0.0,0.0
1779756838,recommendationservice,productcatalogservice,0.0,0.0,0.0,2026-05-26 00:53:58+00:00,8,7,0.0,0.0,0.0
1779756853,checkoutservice,cartservice,0.0,0.0,0.0,2026-05-26 00:54:13+00:00,2,1,0.0,0.0,0.0
1779756853,checkoutservice,currencyservice,0.0,0.0,0.0,2026-05-26 00:54:13+00:00,2,3,0.0,0.0,0.0
1779756853,checkoutservice,emailservice,0.0,0.0,0.0,2026-05-26 00:54:13+00:00,2,4,0.0,0.0,0.0
1779756853,checkoutservice,paymentservice,0.0,0.0,0.0,2026-05-26 00:54:13+00:00,2,6,0.0,0.0,0.0
1779756853,checkoutservice,productcatalogservice,0.0,0.0,0.0,2026-05-26 00:54:13+00:00,2,7,0.0,0.0,0.0
1779756853,checkoutservice,shippingservice,0.0,0.0,0.0,2026-05-26 00:54:13+00:00,2,9,0.0,0.0,0.0
1779756853,frontend,adservice,0.0,0.0,0.0,2026-05-26 00:54:13+00:00,5,0,0.0,0.0,0.0
1779756853,frontend,cartservice,0.0,0.0,0.0,2026-05-26 00:54:13+00:00,5,1,0.0,0.0,0.0
1779756853,frontend,checkoutservice,0.0,0.0,0.0,2026-05-26 00:54:13+00:00,5,2,0.0,0.0,0.0
1779756853,frontend,currencyservice,0.0,0.0,0.0,2026-05-26 00:54:13+00:00,5,3,0.0,0.0,0.0
1779756853,frontend,productcatalogservice,0.0,0.0,0.0,2026-05-26 00:54:13+00:00,5,7,0.0,0.0,0.0
1779756853,frontend,recommendationservice,0.0,0.0,0.0,2026-05-26 00:54:13+00:00,5,8,0.0,0.0,0.0
1779756853,frontend,shippingservice,0.0,0.0,0.0,2026-05-26 00:54:13+00:00,5,9,0.0,0.0,0.0
1779756853,recommendationservice,productcatalogservice,0.0,0.0,0.0,2026-05-26 00:54:13+00:00,8,7,0.0,0.0,0.0
1779756868,checkoutservice,cartservice,0.0,0.0,0.0,2026-05-26 00:54:28+00:00,2,1,0.0,0.0,0.0
1779756868,checkoutservice,currencyservice,0.0,0.0,0.0,2026-05-26 00:54:28+00:00,2,3,0.0,0.0,0.0
1779756868,checkoutservice,emailservice,0.0,0.0,0.0,2026-05-26 00:54:28+00:00,2,4,0.0,0.0,0.0
1779756868,checkoutservice,paymentservice,0.0,0.0,0.0,2026-05-26 00:54:28+00:00,2,6,0.0,0.0,0.0
1779756868,checkoutservice,productcatalogservice,0.0,0.0,0.0,2026-05-26 00:54:28+00:00,2,7,0.0,0.0,0.0
1779756868,checkoutservice,shippingservice,0.0,0.0,0.0,2026-05-26 00:54:28+00:00,2,9,0.0,0.0,0.0
1779756868,frontend,adservice,0.0,0.0,0.0,2026-05-26 00:54:28+00:00,5,0,0.0,0.0,0.0
1779756868,frontend,cartservice,0.0,0.0,0.0,2026-05-26 00:54:28+00:00,5,1,0.0,0.0,0.0
1779756868,frontend,checkoutservice,0.0,0.0,0.0,2026-05-26 00:54:28+00:00,5,2,0.0,0.0,0.0
1779756868,frontend,currencyservice,0.0,0.0,0.0,2026-05-26 00:54:28+00:00,5,3,0.0,0.0,0.0
1779756868,frontend,productcatalogservice,0.0,0.0,0.0,2026-05-26 00:54:28+00:00,5,7,0.0,0.0,0.0
1779756868,frontend,recommendationservice,0.0,0.0,0.0,2026-05-26 00:54:28+00:00,5,8,0.0,0.0,0.0
1779756868,frontend,shippingservice,0.0,0.0,0.0,2026-05-26 00:54:28+00:00,5,9,0.0,0.0,0.0
1779756868,recommendationservice,productcatalogservice,0.0,0.0,0.0,2026-05-26 00:54:28+00:00,8,7,0.0,0.0,0.0
1779756883,checkoutservice,cartservice,0.0,0.0,0.0,2026-05-26 00:54:43+00:00,2,1,0.0,0.0,0.0
1779756883,checkoutservice,currencyservice,0.0,0.0,0.0,2026-05-26 00:54:43+00:00,2,3,0.0,0.0,0.0
1779756883,checkoutservice,emailservice,0.0,0.0,0.0,2026-05-26 00:54:43+00:00,2,4,0.0,0.0,0.0
1779756883,checkoutservice,paymentservice,0.0,0.0,0.0,2026-05-26 00:54:43+00:00,2,6,0.0,0.0,0.0
1779756883,checkoutservice,productcatalogservice,0.0,0.0,0.0,2026-05-26 00:54:43+00:00,2,7,0.0,0.0,0.0
1779756883,checkoutservice,shippingservice,0.0,0.0,0.0,2026-05-26 00:54:43+00:00,2,9,0.0,0.0,0.0
1779756883,frontend,adservice,0.0,0.0,0.0,2026-05-26 00:54:43+00:00,5,0,0.0,0.0,0.0
1779756883,frontend,cartservice,0.0,0.0,0.0,2026-05-26 00:54:43+00:00,5,1,0.0,0.0,0.0
1779756883,frontend,checkoutservice,0.0,0.0,0.0,2026-05-26 00:54:43+00:00,5,2,0.0,0.0,0.0
1779756883,frontend,currencyservice,0.0,0.0,0.0,2026-05-26 00:54:43+00:00,5,3,0.0,0.0,0.0
1779756883,frontend,productcatalogservice,0.0,0.0,0.0,2026-05-26 00:54:43+00:00,5,7,0.0,0.0,0.0
1779756883,frontend,recommendationservice,0.0,0.0,0.0,2026-05-26 00:54:43+00:00,5,8,0.0,0.0,0.0
1779756883,frontend,shippingservice,0.0,0.0,0.0,2026-05-26 00:54:43+00:00,5,9,0.0,0.0,0.0
1779756883,recommendationservice,productcatalogservice,0.0,0.0,0.0,2026-05-26 00:54:43+00:00,8,7,0.0,0.0,0.0
1779756898,checkoutservice,cartservice,0.023799999999999998,90.0803505029406,1.1110933341234217,2026-05-26 00:54:58+00:00,2,1,0.000841981132075472,0.0010513467176523042,0.001987730197257722
1779756898,checkoutservice,currencyservice,0.024249999999999997,37.36111111111111,0.5111111111111111,2026-05-26 00:54:58+00:00,2,3,0.0008579009433962267,0.00043604938607812643,0.000914370520016682
1779756898,checkoutservice,emailservice,0.024175000000000002,51.27222222222222,0.4444444444444444,2026-05-26 00:54:58+00:00,2,4,0.0008552476415094344,0.0005984088898312311,0.0007951048000145062
1779756898,checkoutservice,paymentservice,0.04475000000000001,75.85,0.711111111111111,2026-05-26 00:54:58+00:00,2,6,0.0015831367924528312,0.0008852613038103584,0.0012721676800232099
1779756898,checkoutservice,productcatalogservice,0.0,0.0,0.1111111111111111,2026-05-26 00:54:58+00:00,2,7,0.0,0.0,0.00019877620000362654
1779756898,checkoutservice,shippingservice,0.023050000000000005,71.24999999999999,1.2444444444444442,2026-05-26 00:54:58+00:00,2,9,0.0008154481132075476,0.000831573736275386,0.002226293440040617
1779756898,frontend,adservice,0.023799999999999984,418.5277777777777,4.799999999999999,2026-05-26 00:54:58+00:00,5,0,0.0008419811320754714,0.004884725724936157,0.008587131840156666
1779756898,frontend,cartservice,0.02190005733078531,671.5702973694996,8.82206815499558,2026-05-26 00:54:58+00:00,5,1,0.000774766179155141,0.007838038194457922,0.015782554656207235
1779756898,frontend,checkoutservice,0.24249999999999994,103.16666666666666,0.711111111111111,2026-05-26 00:54:58+00:00,5,2,0.008579009433962266,0.0012040798660923134,0.0012721676800232099
1779756898,frontend,currencyservice,0.032416666666667315,1575.5055555555555,29.93333333333333,2026-05-26 00:54:58+00:00,5,3,0.0011468160377358725,0.01838805672078542,0.05355030828097699
1779756898,frontend,productcatalogservice,0.018999999999999927,3549.5999999999995,26.511111111111106,2026-05-26 00:54:58+00:00,5,7,0.0006721698113207524,0.04142812820046471,0.04742800132086528
1779756898,frontend,recommendationservice,0.08050000000000009,393.51111111111106,5.022222222222222,2026-05-26 00:54:58+00:00,5,8,0.00284787735849057,0.004592750946421688,0.00898468424016392
1779756898,frontend,shippingservice,0.020950000000000003,96.52222222222221,2.333333333333333,2026-05-26 00:54:58+00:00,5,9,0.0007411556603773589,0.0011265311574306868,0.004174300200076157
1779756898,recommendationservice,productcatalogservice,0.021700000000000004,1149.9666666666667,3.311111111111111,2026-05-26 00:54:58+00:00,8,7,0.0007676886792452835,0.01342150284339862,0.005923530760108071
1779756913,checkoutservice,cartservice,0.02140000000000001,237.76815705211285,2.5331466956991875,2026-05-26 00:55:13+00:00,2,1,0.0007570754716981138,0.0027750421716089585,0.004531763468005447
1779756913,checkoutservice,currencyservice,0.020499999999999952,138.87777777777774,1.5999999999999999,2026-05-26 00:55:13+00:00,2,3,0.0007252358490566023,0.0016208717551198517,0.002862377280052222
1779756913,checkoutservice,emailservice,0.021699999999999997,169.4111111111111,1.1555555555555554,2026-05-26 00:55:13+00:00,2,4,0.0007676886792452832,0.001977232710641842,0.002067272480037716
1779756913,checkoutservice,paymentservice,0.03674999999999983,174.30555555555554,1.3555555555555554,2026-05-26 00:55:13+00:00,2,6,0.0013001179245282963,0.002034356801219512,0.0024250696400442435
1779756913,checkoutservice,productcatalogservice,0.02169988999266618,93.17081509137645,0.5777940751605662,2026-05-26 00:55:13+00:00,2,7,0.0007676847874763981,0.0010874161798927586,0.0010336653958052443
1779756913,checkoutservice,shippingservice,0.01810000000000007,244.47222222222217,2.533333333333333,2026-05-26 00:55:13+00:00,2,9,0.000640330188679248,0.0028532867263000674,0.004532097360082686
1779756913,frontend,adservice,0.01809999999999994,1572.6666666666665,12.977777777777776,2026-05-26 00:55:13+00:00,5,0,0.0006403301886792434,0.018354923451449224,0.02321706016042358
1779756913,frontend,cartservice,0.02037934999032406,2224.3021143624574,23.19834099880759,2026-05-26 00:55:13+00:00,5,1,0.000720967570412408,0.02596029782239481,0.04150150263118177
1779756913,frontend,checkoutservice,0.23087499999999989,250.55555555555551,1.3333333333333333,2026-05-26 00:55:13+00:00,5,2,0.008167747641509434,0.002924286589163346,0.0023853144000435186
1779756913,frontend,currencyservice,0.01975714285714275,8588.366666666665,99.37777777777777,2026-05-26 00:55:13+00:00,5,3,0.0006989555256064655,0.10023663378951556,0.17778543328324356
1779756913,frontend,productcatalogservice,0.011393743210331394,15084.214512078583,79.69114978035572,2026-05-26 00:55:13+00:00,5,7,0.0004030805381013466,0.17605104028896265,0.14256633534533053
1779756913,frontend,recommendationservice,0.04564062500000003,1438.7888888888888,12.466666666666665,2026-05-26 00:55:13+00:00,5,8,0.0016146447523584923,0.016792407747997822,0.022302689640406895
1779756913,frontend,shippingservice,0.009933333333333334,489.4777777777777,6.266666666666666,2026-05-26 00:55:13+00:00,5,9,0.0003514150943396228,0.0057127980981114355,0.011210977680204536
1779756913,recommendationservice,productcatalogservice,0.00999089030177769,7123.014474668681,10.844771873680468,2026-05-26 00:55:13+00:00,8,7,0.000353451307845909,0.08313420014377393,0.019401142886607714
1779756928,checkoutservice,cartservice,0.039,430.53686653184286,4.311244453333925,2026-05-26 00:55:28+00:00,2,1,0.001379716981132076,0.005024886325700798,0.00771275510748387
1779756928,checkoutservice,currencyservice,0.01904999999999997,261.26111111111106,3.311111111111111,2026-05-26 00:55:28+00:00,2,3,0.0006739386792452822,0.003049233379791234,0.005923530760108071
1779756928,checkoutservice,emailservice,0.02974999999999991,299.5277777777777,1.9999999999999998,2026-05-26 00:55:28+00:00,2,4,0.0010524764150943368,0.0034958516952270906,0.0035779716000652775
1779756928,checkoutservice,paymentservice,0.0262499999999997,287.5277777777777,2.311111111111111,2026-05-26 00:55:28+00:00,2,6,0.0009286556603773482,0.003355797171222815,0.004134544960075432
1779756928,checkoutservice,productcatalogservice,0.017951199520191828,182.46799502421254,1.4442400817450798,2026-05-26 00:55:28+00:00,2,7,0.0006350660207615036,0.0021296223490942174,0.0025837249980799255
1779756928,checkoutservice,shippingservice,0.01680000000000001,416.7055555555555,4.355555555555555,2026-05-26 00:55:28+00:00,2,9,0.00059433962264151,0.004863458186105878,0.00779202704014216
1779756928,frontend,adservice,0.01854999999999988,2703.8166666666666,20.82222222222222,2026-05-26 00:55:28+00:00,5,0,0.0006562499999999959,0.03155681302040225,0.03725065988067961
1779756928,frontend,cartservice,0.02286510271246567,3909.870299131053,37.09006526361017,2026-05-26 00:55:28+00:00,5,1,0.0008089069355825123,0.04563291863860451,0.06635360007888244
1779756928,frontend,checkoutservice,0.2270000000000002,460.4444444444444,2.311111111111111,2026-05-26 00:55:28+00:00,5,2,0.0080306603773585,0.0053739439580899806,0.004134544960075432
1779756928,frontend,currencyservice,0.020494559585492296,16338.42222222222,173.26666666666665,2026-05-26 00:55:28+00:00,5,3,0.0007250433815622278,0.19068916227618427,0.30997160628565523
1779756928,frontend,productcatalogservice,0.012920282511995304,27087.742682926826,133.73107645830555,2026-05-26 00:55:28+00:00,5,7,0.0004570854662262491,0.3161467423173013,0.23924299680698777
1779756928,frontend,recommendationservice,0.04548913043478258,2483.3999999999996,19.84444444444444,2026-05-26 00:55:28+00:00,5,8,0.0016092852748154222,0.028984283742684826,0.0355014293206477
1779756928,frontend,shippingservice,0.014724999999999997,885.3499999999999,10.222222222222221,2026-05-26 00:55:28+00:00,5,9,0.000520931603773585,0.010333106068932113,0.01828741040033364
1779756928,recommendationservice,productcatalogservice,0.009969574392465241,12875.216089119907,18.352099160335865,2026-05-26 00:55:28+00:00,8,7,0.00035269720728061006,0.15026935506782327,0.03283164479863178
1779756943,checkoutservice,cartservice,0.03600000000000005,553.5723939820766,5.022168904954217,2026-05-26 00:55:43+00:00,2,1,0.0012735849056603797,0.00646085984508892,0.008984588856328562
1779756943,checkoutservice,currencyservice,0.009936673979607714,462.3622117802187,5.399583736458277,2026-05-26 00:55:43+00:00,2,3,0.0003515332775804617,0.005396326624036882,0.009659778630611036
1779756943,checkoutservice,emailservice,0.036000000000000094,421.63392440503964,2.5110281536786436,2026-05-26 00:55:43+00:00,2,4,0.0012735849056603812,0.004920978215550211,0.004492193710413268
1779756943,checkoutservice,paymentservice,0.009372205761438802,334.6596286173515,2.5332503759008658,2026-05-26 00:55:43+00:00,2,6,0.00033156388306976905,0.0039058829157875667,0.004531948950413994
1779756943,checkoutservice,productcatalogservice,0.019000886331830145,454.1817100235613,2.9993715617908343,2026-05-26 00:55:43+00:00,2,7,0.0006722011673996516,0.005300850267399816,0.005365833133065522
1779756943,checkoutservice,shippingservice,0.008399903333333297,601.0098371219696,4.977611862912843,2026-05-26 00:55:43+00:00,2,9,0.0002971663915094328,0.007014512221667053,0.008904876940825087
1779756943,frontend,adservice,0.024105555555555644,3354.0166666666664,23.577777777777776,2026-05-26 00:55:43+00:00,5,0,0.0008527908805031481,0.03914543397936725,0.04218030964076955
1779756943,frontend,cartservice,0.023534755159034478,4900.925502121082,43.112071153779674,2026-05-26 00:55:43+00:00,5,1,0.0008325974702488616,0.05719973236499862,0.07712688310410859
1779756943,frontend,checkoutservice,0.22200031109728469,562.4221274137279,2.4888059314564215,2026-05-26 00:55:43+00:00,5,2,0.007853784590705829,0.006564146945366807,0.0044524384704125435
1779756943,frontend,currencyservice,0.020262038875858205,22610.3519153853,215.1682714622898,2026-05-26 00:55:43+00:00,5,3,0.0007168174130610217,0.26389017292320405,0.38493298226360456
1779756943,frontend,productcatalogservice,0.017186229037988086,35648.98688878029,164.16944512320038,2026-05-26 00:55:43+00:00,5,7,0.0006080033857778806,0.41606682416189866,0.29369680612464305
1779756943,frontend,recommendationservice,0.047169230769230734,3220.4833333333327,23.04444444444444,2026-05-26 00:55:43+00:00,5,8,0.0016687227866473142,0.03758693835947522,0.04122618388075214
1779756943,frontend,shippingservice,0.015683333333333282,1249.1555555555556,12.399999999999999,2026-05-26 00:55:43+00:00,5,9,0.0005548349056603757,0.014579157228385813,0.022183423920404722
1779756943,recommendationservice,productcatalogservice,0.017323112211390653,17908.99357872211,22.906831246467384,2026-05-26 00:55:43+00:00,8,7,0.0006128459508746696,0.20901963092196274,0.040979995823674106
1779756958,checkoutservice,cartservice,0.03300000000000003,698.308592447714,5.911560563742014,2026-05-26 00:55:58+00:00,2,1,0.0011674528301886806,0.00815010646028002,0.010575697904567404
1779756958,checkoutservice,currencyservice,0.009817241379310346,635.4444444444443,6.866666666666666,2026-05-26 00:55:58+00:00,2,3,0.00034730806766428124,0.007416405766485665,0.01228436916022412
1779756958,checkoutservice,emailservice,0.033500000000000016,530.2277777777776,2.955555555555555,2026-05-26 00:55:58+00:00,2,4,0.0011851415094339633,0.0061883999192092875,0.005287446920096465
1779756958,checkoutservice,paymentservice,0.009473076923076924,391.5277777777777,3.0222222222222217,2026-05-26 00:55:58+00:00,2,6,0.00033513243831640073,0.004569603045926536,0.005406712640098641
1779756958,checkoutservice,productcatalogservice,0.017875649855587553,664.9409316448196,4.355155644424696,2026-05-26 00:55:58+00:00,2,7,0.0006323932731929561,0.007760665472706228,0.007791311604807777
1779756958,checkoutservice,shippingservice,0.009159999999999993,728.4888888888888,5.999999999999999,2026-05-26 00:55:58+00:00,2,9,0.00032405660377358476,0.008502347047978077,0.010733914800195832
1779756958,frontend,adservice,0.024205089415863808,3321.1588006991974,23.398951204337394,2026-05-26 00:55:58+00:00,5,0,0.00085631212556122,0.03876194291454473,0.041860391440216214
1779756958,frontend,cartservice,0.023546227684207218,4958.383278263038,42.447746192617615,2026-05-26 00:55:58+00:00,5,1,0.0008330033378846896,0.057870334155657434,0.07593841518198242
1779756958,frontend,checkoutservice,0.22960000000000003,719.8333333333333,3.0222222222222217,2026-05-26 00:55:58+00:00,5,2,0.008122641509433965,0.008401326238534252,0.005406712640098641
1779756958,frontend,currencyservice,0.02086231617647056,21050.394444444442,201.6222222222222,2026-05-26 00:55:58+00:00,5,3,0.0007380536383185342,0.24568358116824277,0.36069929252658073
1779756958,frontend,productcatalogservice,0.016999395994225994,34937.76535082211,170.2608761115715,2026-05-26 00:55:58+00:00,5,7,0.0006013937262108255,0.40776600799853857,0.30459428966471774
1779756958,frontend,recommendationservice,0.04711334345443943,3236.8789054803756,23.199220792687896,2026-05-26 00:55:58+00:00,5,8,0.0016667456410768672,0.03777829453054454,0.04150307656994059
1779756958,frontend,shippingservice,0.017690909090909087,1234.511111111111,11.888888888888888,2026-05-26 00:55:58+00:00,5,9,0.0006258576329331048,0.014408238837054665,0.02126905340038804
1779756958,recommendationservice,productcatalogservice,0.01953609167055485,16903.37647785638,21.2859768222122,2026-05-26 00:55:58+00:00,8,7,0.0006911353185337804,0.1972828622226036,0.0380803102747615
1779756973,checkoutservice,cartservice,0.0218500933222729,654.4198048741952,5.555057866255876,2026-05-26 00:56:13+00:00,2,1,0.0007729985845143718,0.0076378711892188585,0.009937919641091373
1779756973,checkoutservice,currencyservice,0.009594112734386612,885.5648377777777,7.592048888888888,2026-05-26 00:56:13+00:00,2,3,0.0003394143656033001,0.01033561348582418,0.013582067655375795
1779756973,checkoutservice,emailservice,0.009946296296296297,534.5888888888888,2.8666666666666663,2026-05-26 00:56:13+00:00,2,4,0.00035187368972746345,0.006239299364275658,0.005128425960093564
1779756973,checkoutservice,paymentservice,0.009487532240773075,356.57414562672966,2.755341267901536,2026-05-26 00:56:13+00:00,2,6,0.0003356438292726325,0.004161651853165239,0.004929266402519775
1779756973,checkoutservice,productcatalogservice,0.016654913778153094,804.8210333172354,4.789680724057434,2026-05-26 00:56:13+00:00,2,7,0.0005892068553591898,0.009393235560822884,0.008568670802028798
1779756973,checkoutservice,shippingservice,0.008809090909090898,742.2055555555555,5.533333333333332,2026-05-26 00:56:13+00:00,2,9,0.0003116423670668951,0.008662437149721853,0.0098990547601806
1779756973,frontend,adservice,0.023827467953120497,3357.031017891044,23.887050162567302,2026-05-26 00:56:13+00:00,5,0,0.0008429528757000179,0.039180615106526574,0.04273359354550024
1779756973,frontend,cartservice,0.022888888517245732,4981.272975668524,42.77398190938895,2026-05-26 00:56:13+00:00,5,1,0.0008097484145252031,0.058137484628551374,0.07652204624674983
1779756973,frontend,checkoutservice,0.2265625000000001,661.4444444444443,2.755555555555555,2026-05-26 00:56:13+00:00,5,2,0.008015182783018875,0.007719857235161596,0.0049296497600899375
1779756973,frontend,currencyservice,0.018898645883628478,23409.36518111111,213.8144888888889,2026-05-26 00:56:13+00:00,5,3,0.000668584170411385,0.2732156248068982,0.38251108446345866
1779756973,frontend,productcatalogservice,0.016534120270750442,35865.11466114169,168.4632997370982,2026-05-26 00:56:13+00:00,5,7,0.0005849335001444734,0.4185892968520804,0.3013784510563109
1779756973,frontend,recommendationservice,0.046226190476190504,3269.583333333333,23.555555555555554,2026-05-26 00:56:13+00:00,5,8,0.0016353605121293816,0.038159994786859386,0.042140554400768825
1779756973,frontend,shippingservice,0.01842499999999997,1215.9888888888888,11.555555555555554,2026-05-26 00:56:13+00:00,5,9,0.0006518278301886784,0.014192062085651772,0.020672724800377157
1779756973,recommendationservice,productcatalogservice,0.01882713560898924,17980.152455802956,22.507543083800055,2026-05-26 00:56:13+00:00,8,7,0.0006660543257897139,0.20985014114348244,0.040265674970541135
1779756988,checkoutservice,cartservice,0.019900074287129272,626.2682801075626,5.022385196050108,2026-05-26 00:56:28+00:00,2,1,0.0007040120620446679,0.0073093088224534175,0.008984975798027784
1779756988,checkoutservice,currencyservice,0.009712571222881411,765.0278506061709,6.744717053499002,2026-05-26 00:56:28+00:00,2,3,0.0003436051140170312,0.008928800955555108,0.012066203033947696
1779756988,checkoutservice,emailservice,0.009808071141020423,498.9982341553217,2.533356551232072,2026-05-26 00:56:28+00:00,2,4,0.0003469836488568547,0.005823913346966469,0.004532138896573835
1779756988,checkoutservice,paymentservice,0.009785189039837626,322.9630523516382,2.400081486913942,2026-05-26 00:56:28+00:00,2,6,0.0003461741405602935,0.003769369714006385,0.004293711699010265
1779756988,checkoutservice,productcatalogservice,0.009975339728591577,747.6512525542634,4.255921662846419,2026-05-26 00:56:28+00:00,2,7,0.0003529011696435701,0.008725995024807314,0.0076137834208835405
1779756988,checkoutservice,shippingservice,0.008840022533633776,647.6641976131741,5.022385196050108,2026-05-26 00:56:28+00:00,2,9,0.00031273664623704406,0.007559025075943681,0.008984975798027784
1779756988,frontend,adservice,0.009924295774647885,3462.7388888888886,24.71111111111111,2026-05-26 00:56:28+00:00,5,0,0.00035109536938612813,0.040414353902868946,0.04420782688080654
1779756988,frontend,cartservice,0.020914285714285687,5102.9944444444445,42.48888888888888,2026-05-26 00:56:28+00:00,5,1,0.000739892183288409,0.059558121492760775,0.07601201888138678
1779756988,frontend,checkoutservice,0.21490022400597367,631.8590498625833,2.444525931358387,2026-05-26 00:56:28+00:00,5,2,0.007602602264362279,0.0073745598721914945,0.004373222179011716
1779756988,frontend,currencyservice,0.015528778194851644,22599.80711522977,217.65252545997316,2026-05-26 00:56:28+00:00,5,3,0.0005493671531197517,0.26376710234266215,0.3893772773891344
1779756988,frontend,productcatalogservice,0.011563262942989387,35395.68154608786,165.09153030522364,2026-05-26 00:56:28+00:00,5,7,0.0004090776984548134,0.413110444228688,0.2953464034217032
1779756988,frontend,recommendationservice,0.04181896551724141,3266.633333333333,23.088888888888885,2026-05-26 00:56:28+00:00,5,8,0.0014794445348080693,0.038125564716375,0.04130569436075359
1779756988,frontend,shippingservice,0.017469999999999986,1174.5444444444443,10.977777777777776,2026-05-26 00:56:28+00:00,5,9,0.0006180424528301883,0.013708355257377744,0.0196390885603583
1779756988,recommendationservice,productcatalogservice,0.015440442945104178,17926.646466315517,22.25644968397841,2026-05-26 00:56:28+00:00,8,7,0.0005462420853220819,0.20922566148606236,0.03981647244377829
1779757003,checkoutservice,cartservice,0.019719999999999984,452.2055555555555,3.9333333333333327,2026-05-26 00:56:43+00:00,2,1,0.000697641509433962,0.00527778615295186,0.007036677480128379
1779757003,checkoutservice,currencyservice,0.009729999999999997,600.5666666666666,5.5777777777777775,2026-05-26 00:56:43+00:00,2,3,0.00034422169811320757,0.007009339886069535,0.009978565240182053
1779757003,checkoutservice,emailservice,0.009778571428571428,381.0277777777777,2.022222222222222,2026-05-26 00:56:43+00:00,2,4,0.000345940026954178,0.0044470553374227955,0.0036177268400660032
1779757003,checkoutservice,paymentservice,0.009851724137931034,249.85555555555553,1.9777777777777774,2026-05-26 00:56:43+00:00,2,6,0.00034852797657774896,0.002916116741929763,0.003538216360064552
1779757003,checkoutservice,productcatalogservice,0.007416450689953191,597.6073899972065,3.4891546298550447,2026-05-26 00:56:43+00:00,2,7,0.00026237443478608,0.006974801545624686,0.006242048086928813
1779757003,checkoutservice,shippingservice,0.008500022962112514,493.21276807450533,3.866581732169928,2026-05-26 00:56:43+00:00,2,9,0.00030070835950869756,0.005756389955458834,0.006917259813517605
1779757003,frontend,adservice,0.009886445994495268,3560.097397024113,25.38568585233032,2026-05-26 00:56:43+00:00,5,0,0.0003497563441448799,0.04155064552908938,0.0454146315139084
1779757003,frontend,cartservice,0.021217692307692375,5228.055555555555,42.82222222222222,2026-05-26 00:56:43+00:00,5,1,0.0007506259071117589,0.06101773602510347,0.07660834748139768
1779757003,frontend,checkoutservice,0.11799999999999958,461.8888888888888,1.9555555555555553,2026-05-26 00:56:43+00:00,5,2,0.004174528301886779,0.005390802373016421,0.003498461120063827
1779757003,frontend,currencyservice,0.016877810650887486,23728.894444444442,222.95555555555552,2026-05-26 00:56:43+00:00,5,3,0.0005970923579323406,0.2769449180470304,0.39886432292727697
1779757003,frontend,productcatalogservice,0.012542703513519346,36828.60281995056,168.1929617968238,2026-05-26 00:56:43+00:00,5,7,0.0004437277186386563,0.42983436980755807,0.3008948203199499
1779757003,frontend,recommendationservice,0.042266569588493695,3226.3156488210325,22.55630671674408,2026-05-26 00:56:43+00:00,5,8,0.0014952795844985984,0.0376550085402646,0.04035291241743599
1779757003,frontend,shippingservice,0.015531410722916224,1200.1622525418622,10.999753097393201,2026-05-26 00:56:43+00:00,5,9,0.0005494602850088289,0.014007346083970806,0.019678402095101473
1779757003,recommendationservice,productcatalogservice,0.014006542683759431,18056.883586772357,22.669452405739996,2026-05-26 00:56:43+00:00,8,7,0.0004955144817367725,0.21074568631216822,0.0405553284483846
1779757018,checkoutservice,cartservice,0.018099693292439,480.86444701280226,3.8670301880828193,2026-05-26 00:56:58+00:00,2,1,0.0006403193381759083,0.005612270103079768,0.006918062094777709
1779757018,checkoutservice,currencyservice,0.009707697642697077,567.4465931900836,5.444345191802028,2026-05-26 00:56:58+00:00,2,3,0.0003434326996237175,0.00662278854225708,0.009739856238609802
1779757018,checkoutservice,emailservice,0.00975,377.76111111111106,1.8666666666666665,2026-05-26 00:56:58+00:00,2,4,0.000344929245283019,0.004408929383666076,0.003339440160060926
1779757018,checkoutservice,paymentservice,0.009833329382442902,268.6549703183493,1.8223032170760856,2026-05-26 00:56:58+00:00,2,6,0.000347877218718499,0.003135528665776599,0.003260074578702913
1779757018,checkoutservice,productcatalogservice,0.008349979554646872,622.5936819414196,3.5778212364993998,2026-05-26 00:56:58+00:00,2,7,0.00029540022009363946,0.007266421814364572,0.006400671387152644
1779757018,checkoutservice,shippingservice,0.00821999999999999,496.2666666666666,3.844444444444444,2026-05-26 00:56:58+00:00,2,9,0.00029080188679245255,0.005792032648265707,0.0068776565201254785
1779757018,frontend,adservice,0.009930213936409978,3556.8175970583075,25.046387462741116,2026-05-26 00:56:58+00:00,5,0,0.00035130473831639086,0.04151236629383604,0.04480763151295938
1779757018,frontend,cartservice,0.019623685501938087,5159.540873439228,42.07041646910068,2026-05-26 00:56:58+00:00,5,1,0.0006942341569081872,0.06021808675917794,0.07526337766468039
1779757018,frontend,checkoutservice,0.18250000000000005,476.33333333333326,1.822222222222222,2026-05-26 00:56:58+00:00,5,2,0.006456367924528306,0.005559386522280827,0.003259929680059475
1779757018,frontend,currencyservice,0.01522549815821452,24011.17801739143,225.39626543415622,2026-05-26 00:56:58+00:00,5,3,0.0005386379065406082,0.28023950900064015,0.403230718242093
1779757018,frontend,productcatalogservice,0.00995931336351271,36761.95424883081,167.09076749090082,2026-05-26 00:56:58+00:00,5,7,0.0003523341991808743,0.42905650031557957,0.29892301035777685
1779757018,frontend,recommendationservice,0.04119230769230767,3193.3555555555554,22.4,2026-05-26 00:56:58+00:00,5,8,0.0014572750362844698,0.03727032435914519,0.04007328192073111
1779757018,frontend,shippingservice,0.009736486486486487,1201.3999999999996,10.91111111111111,2026-05-26 00:56:58+00:00,5,9,0.00034445117287098436,0.014021792094894719,0.019519822840356124
1779757018,recommendationservice,productcatalogservice,0.014749884439308494,18042.38167869189,22.733587171775532,2026-05-26 00:56:58+00:00,8,7,0.0005218119495038384,0.21057643149272126,0.04067006463411059
1779757033,checkoutservice,cartservice,0.009937,417.0833333333333,3.5999999999999996,2026-05-26 00:57:13+00:00,2,1,0.00035154481132075485,0.004867867310009716,0.0064403488801175
1779757033,checkoutservice,currencyservice,0.00918666026540796,586.7406834451191,5.377757049283859,2026-05-26 00:57:13+00:00,2,3,0.0003249997735403761,0.00684797392782079,0.009620730997194248
1779757033,checkoutservice,emailservice,0.009544449506060357,341.0118949208536,1.7999792597201543,2026-05-26 00:57:13+00:00,2,4,0.0003376574117710033,0.003980021551911349,0.0032201373359926175
1779757033,checkoutservice,paymentservice,0.009764705882352941,233.62777777777774,1.7333333333333332,2026-05-26 00:57:13+00:00,2,6,0.0003454495005549391,0.0027267189342369443,0.003100908720056574
1779757033,checkoutservice,productcatalogservice,0.00966872648983588,577.7663801655201,3.377842478892659,2026-05-26 00:57:13+00:00,2,7,0.00034205400317815625,0.00674323294664627,0.006042912229486016
1779757033,checkoutservice,shippingservice,0.008616666666666658,470.8555555555555,3.511111111111111,2026-05-26 00:57:13+00:00,2,9,0.0003048349056603772,0.005495454225675172,0.006281327920114599
1779757033,frontend,adservice,0.012678571428571483,3611.8111111111107,25.799999999999997,2026-05-26 00:57:13+00:00,5,0,0.0004485343665768215,0.042154207163335025,0.04615583364084208
1779757033,frontend,cartservice,0.02103499999999999,5164.066666666666,41.911111111111104,2026-05-26 00:57:13+00:00,5,1,0.0007441627358490565,0.06027090824386216,0.07497838264136793
1779757033,frontend,checkoutservice,0.18925000000000003,434.55555555555554,1.7333333333333332,2026-05-26 00:57:13+00:00,5,2,0.006695165094339626,0.0050717892905622385,0.003100908720056574
1779757033,frontend,currencyservice,0.014990405246839866,24197.560175992265,225.53322568385136,2026-05-26 00:57:13+00:00,5,3,0.0005303209403363162,0.2824148143761176,0.40347573818396654
1779757033,frontend,productcatalogservice,0.009930109987649509,36407.34808955391,166.49259214065484,2026-05-26 00:57:13+00:00,5,7,0.0003513010608838271,0.424917817245037,0.29785288315025726
1779757033,frontend,recommendationservice,0.04389393939393937,3164.7166666666662,22.088888888888885,2026-05-26 00:57:13+00:00,5,8,0.0015528516295025725,0.036936073863199796,0.03951670856072095
1779757033,frontend,shippingservice,0.009527500000000001,1167.7555555555555,10.377777777777776,2026-05-26 00:57:13+00:00,5,9,0.0003370577830188681,0.013629120707223474,0.018565697080338717
1779757033,recommendationservice,productcatalogservice,0.015577906091127861,17670.116076575927,22.267125500594325,2026-05-26 00:57:13+00:00,8,7,0.0005511051683182029,0.20623164135042824,0.039835571328107916
1779757048,checkoutservice,cartservice,0.009846170933525852,421.5376506605998,3.4878912221014993,2026-05-26 00:57:28+00:00,2,1,0.00034833151887473545,0.004919854584429242,0.00623978786839807
1779757048,checkoutservice,currencyservice,0.008799921999999998,556.4296071634892,4.977451895302848,2026-05-26 00:57:28+00:00,2,3,0.0003113179952830189,0.006494206981097377,0.00890459076104234
1779757048,checkoutservice,emailservice,0.009654523636363639,312.8996289383637,1.6665570516523722,2026-05-26 00:57:28+00:00,2,4,0.0003415515437392798,0.0036519173826730818,0.002981446900350355
1779757048,checkoutservice,paymentservice,0.013299240000000033,220.7952806292494,1.5998903849857053,2026-05-26 00:57:28+00:00,2,6,0.0004704919811320768,0.0025769481609099975,0.0028621811803481788
1779757048,checkoutservice,productcatalogservice,0.009688813779494347,580.8357196557126,3.511029679439747,2026-05-26 00:57:28+00:00,2,7,0.0003427646384255077,0.006779055853421807,0.0062811822400108555
1779757048,checkoutservice,shippingservice,0.008399857771456512,454.48308666577634,3.46652842789201,2026-05-26 00:57:28+00:00,2,9,0.00029716477965058426,0.005304367697580769,0.006201570132908274
1779757048,frontend,adservice,0.010880236190546715,3566.0144046427113,25.126421181443988,2026-05-26 00:57:28+00:00,5,0,0.00038491401617500186,0.04161970416955209,0.044950810699242616
1779757048,frontend,cartservice,0.021394184352803065,5151.441079568873,42.124461030034226,2026-05-26 00:57:28+00:00,5,1,0.0007568697294623729,0.06012355236125749,0.0753600626167595
1779757048,frontend,checkoutservice,0.22630033597312213,427.85437497222586,1.6443348294301499,2026-05-26 00:57:28+00:00,5,2,0.008005908112256682,0.00499357840249016,0.0029416916603496298
1779757048,frontend,currencyservice,0.01158513513513504,23939.938888888886,223.9111111111111,2026-05-26 00:57:28+00:00,5,3,0.0004098514788373247,0.2794080621478982,0.4005737982473082
1779757048,frontend,productcatalogservice,0.010168040643418757,35900.27983624613,167.4064029713264,2026-05-26 00:57:28+00:00,5,7,0.00035971841898887124,0.41899971700714533,0.2994876777502447
1779757048,frontend,recommendationservice,0.043491935483871015,3161.844444444444,22.577777777777776,2026-05-26 00:57:28+00:00,5,8,0.0015386297930614751,0.036902551553519146,0.04039132384073691
1779757048,frontend,shippingservice,0.009734605255960099,1149.5744245423252,10.711348158683595,2026-05-26 00:57:28+00:00,5,9,0.0003443846199042489,0.013416924903063697,0.019162449755090707
1779757048,recommendationservice,productcatalogservice,0.015709040989709426,17428.31230302491,22.400819386719412,2026-05-26 00:57:28+00:00,8,7,0.0005557443746359469,0.20340949864983449,0.04007474779193688
1779757063,checkoutservice,cartservice,0.009845840184423953,397.6412493149062,3.422002992193633,2026-05-26 00:57:43+00:00,2,1,0.00034831981784518717,0.004640954658105388,0.006121914760703611
1779757063,checkoutservice,currencyservice,0.008809978665244357,523.7303675800608,5.888988154765873,2026-05-26 00:57:43+00:00,2,3,0.0003116737735345882,0.0061125672781674745,0.01053531618543656
1779757063,checkoutservice,emailservice,0.0096875,320.26111111111106,1.7111111111111108,2026-05-26 00:57:43+00:00,2,4,0.00034271816037735863,0.0037378347894789225,0.0030611534800558484
1779757063,checkoutservice,paymentservice,0.013749619974664899,223.81016327014393,1.7778370409879178,2026-05-26 00:57:43+00:00,2,6,0.0004864252349527678,0.002612135490343267,0.0031805252210994296
1779757063,checkoutservice,productcatalogservice,0.009690979040941215,621.8125207755314,3.99964852125606,2026-05-26 00:57:43+00:00,2,7,0.00034284123965593933,0.007257304718092981,0.007155314409648634
1779757063,checkoutservice,shippingservice,0.008540000000000008,405.21666666666664,3.4666666666666663,2026-05-26 00:57:43+00:00,2,9,0.0003021226415094343,0.004729368947383266,0.006201817440113148
1779757063,frontend,adservice,0.012614285714285862,3645.822222222222,25.73333333333333,2026-05-26 00:57:43+00:00,5,0,0.000446260107816717,0.042551157994795294,0.046036567920839905
1779757063,frontend,cartservice,0.021948379560560907,5244.117253255121,42.5305011183694,2026-05-26 00:57:43+00:00,5,1,0.0007764756920009757,0.06120519547727125,0.07608646256903513
1779757063,frontend,checkoutservice,0.23099999999999993,430.33333333333326,1.7777777777777777,2026-05-26 00:57:43+00:00,5,2,0.008172169811320755,0.005022510846931103,0.0031804192000580247
1779757063,frontend,currencyservice,0.014449081678974728,23900.067938603315,227.3148669170537,2026-05-26 00:57:43+00:00,5,3,0.000511170342416559,0.27894271990091124,0.4066630690509182
1779757063,frontend,productcatalogservice,0.013272053102133688,36776.27821567519,169.1144306158648,2026-05-26 00:57:43+00:00,5,7,0.0004695301805000127,0.4292236783454332,0.30254331495238707
1779757063,frontend,recommendationservice,0.046568181818181786,3170.572222222222,22.22222222222222,2026-05-26 00:57:43+00:00,5,8,0.001647459262435677,0.0370044152837093,0.039755240000725306
1779757063,frontend,shippingservice,0.009927777777777777,1165.161111111111,10.733333333333333,2026-05-26 00:57:43+00:00,5,9,0.0003512185534591196,0.013598840400413292,0.019201780920350322
1779757063,recommendationservice,productcatalogservice,0.015597290913784818,17655.951424395156,22.152888888541387,2026-05-26 00:57:43+00:00,8,7,0.0005517909521386141,0.20606632271552291,0.03963120365130137
1779757078,checkoutservice,cartservice,0.009814444444444443,443.5555555555555,3.7777777777777777,2026-05-26 00:57:58+00:00,2,1,0.00034720911949685546,0.005176830183565444,0.006758390800123302
1779757078,checkoutservice,currencyservice,0.009393741683496446,621.3149558118689,6.9112237112103765,2026-05-26 00:57:58+00:00,2,3,0.0003323257671048272,0.007251497532747401,0.01236408108020424
1779757078,checkoutservice,emailservice,0.009710706377061439,360.83680097191666,1.9111718559015045,2026-05-26 00:57:58+00:00,2,4,0.00034353914069792837,0.004211402200278942,0.0034190593116298165
1779757078,checkoutservice,paymentservice,0.018624999999999985,256.1333333333333,2.022222222222222,2026-05-26 00:57:58+00:00,2,6,0.0006589033018867922,0.002989386006802371,0.0036177268400660032
1779757078,checkoutservice,productcatalogservice,0.009524964672696963,787.5105967724342,5.355790639651069,2026-05-26 00:57:58+00:00,2,7,0.00033696808983597757,0.00919120181494052,0.009581433402283486
1779757078,checkoutservice,shippingservice,0.008771428571428576,495.46111111111105,3.822222222222222,2026-05-26 00:57:58+00:00,2,9,0.0003103099730458224,0.005782630839941346,0.006837901280124753
1779757078,frontend,adservice,0.013900000000000102,3516.3888888888887,24.488888888888887,2026-05-26 00:57:58+00:00,5,0,0.0004917452830188717,0.0410405143372714,0.04381027448079929
1779757078,frontend,cartservice,0.021563291139240527,5208.205555555555,42.44444444444444,2026-05-26 00:57:58+00:00,5,1,0.0007628522808693585,0.06078606249997974,0.07593250840138534
1779757078,frontend,checkoutservice,0.23443749999999994,462.9444444444444,1.9999999999999998,2026-05-26 00:57:58+00:00,5,2,0.008293779481132076,0.005403121983924205,0.0035779716000652775
1779757078,frontend,currencyservice,0.012324103789810142,24481.3915438807,230.24829507152327,2026-05-26 00:57:58+00:00,5,3,0.0004359942378470571,0.2857274699700424,0.4119109303646802
1779757078,frontend,productcatalogservice,0.011495699482359598,37061.259672782784,169.20741106627457,2026-05-26 00:57:58+00:00,5,7,0.00040668748168725007,0.4325497568725372,0.30270965565785085
1779757078,frontend,recommendationservice,0.044060622543018624,3117.9235054700057,22.265923012539904,2026-05-26 00:57:58+00:00,5,8,0.001558748439021886,0.03638994103669533,0.03983342009405385
1779757078,frontend,shippingservice,0.010029999999999957,1220.0777777777776,11.355555555555554,2026-05-26 00:57:58+00:00,5,9,0.00035483490566037596,0.014239784367905078,0.02031492764037063
1779757078,recommendationservice,productcatalogservice,0.010209043787339615,17366.478217114833,22.08910730010983,2026-05-26 00:57:58+00:00,8,7,0.0003611690019105997,0.2026878200273865,0.03951709929529379
1779757093,checkoutservice,cartservice,0.009833322094886085,528.8187872100098,4.356753012577435,2026-05-26 00:58:13+00:00,2,1,0.000347876960903989,0.006171955293934684,0.007794169273750453
1779757093,checkoutservice,currencyservice,0.009757851708028863,771.4224179288019,8.244846008206586,2026-05-26 00:58:13+00:00,2,3,0.00034520701797271933,0.009003433295770474,0.01474991243213737
1779757093,checkoutservice,emailservice,0.009752511383561004,448.3448978382303,2.200148167903869,2026-05-26 00:58:13+00:00,2,4,0.00034501809139956397,0.005232727604706575,0.003936033830347848
1779757093,checkoutservice,paymentservice,0.009996689274475994,293.6235468432828,2.2445926123483133,2026-05-26 00:58:13+00:00,2,6,0.0003536564601819339,0.0034269421741319234,0.004015544310349299
1779757093,checkoutservice,productcatalogservice,0.009781660901576584,1045.6878490106697,5.911239606868255,2026-05-26 00:58:13+00:00,2,7,0.0003460493243482283,0.01220444282918701,0.010575123717277828
1779757093,checkoutservice,shippingservice,0.009109138292585363,581.3260694018461,4.400296335807738,2026-05-26 00:58:13+00:00,2,9,0.0003222572509169351,0.006784778828446002,0.007872067660695696
1779757093,frontend,adservice,0.012957142857142884,3546.7999999999993,24.799999999999997,2026-05-26 00:58:13+00:00,5,0,0.0004583894878706211,0.04139544881153037,0.044366847840809444
1779757093,frontend,cartservice,0.02194191015721712,5125.318838571347,41.78661064301223,2026-05-26 00:58:13+00:00,5,1,0.0007762468215996625,0.059818674192188045,0.07475565307184162
1779757093,frontend,checkoutservice,0.23499979998399886,562.7112059385697,2.222370390126091,2026-05-26 00:58:13+00:00,5,2,0.008313672169245246,0.006567520841633189,0.003975789070348573
1779757093,frontend,currencyservice,0.011946029234206462,24565.88238228562,229.61842840106954,2026-05-26 00:58:13+00:00,5,3,0.0004226189587573042,0.286713580316336,0.4107841078353246
1779757093,frontend,productcatalogservice,0.011515648551368628,37507.64871232768,168.0591934273413,2026-05-26 00:58:13+00:00,5,7,0.00040739322705313555,0.4377596572437194,0.30065551060645224
1779757093,frontend,recommendationservice,0.04358064516129028,3160.116666666666,21.799999999999997,2026-05-26 00:58:13+00:00,5,8,0.001541768107121119,0.03688238629566482,0.038999890440711525
1779757093,frontend,shippingservice,0.00986029411764706,1215.2833333333333,10.866666666666665,2026-05-26 00:58:13+00:00,5,9,0.00034883115982241975,0.01418382739836078,0.019440312360354674
1779757093,recommendationservice,productcatalogservice,0.009936582361463097,17931.06407354742,22.154607575937113,2026-05-26 00:58:13+00:00,8,7,0.0003515300363725153,0.2092772203092375,0.039634278358647024
1779757108,checkoutservice,cartservice,0.009921215680887555,527.5537282699672,4.710954084542512,2026-05-26 00:58:28+00:00,2,1,0.0003509864038049844,0.006157190524960933,0.008427829961852314
1779757108,checkoutservice,currencyservice,0.009921875,803.3833333333332,7.622222222222221,2026-05-26 00:58:28+00:00,2,3,0.00035100972877358504,0.00937645586191402,0.013636047320248779
1779757108,checkoutservice,emailservice,0.009728947368421054,447.87777777777774,2.355555555555555,2026-05-26 00:58:28+00:00,2,4,0.0003441844587884808,0.005227275748229948,0.0042140554400768825
1779757108,checkoutservice,paymentservice,0.009985714285714284,299.0611111111111,2.355555555555555,2026-05-26 00:58:28+00:00,2,6,0.0003532681940700809,0.0034904051304047025,0.0042140554400768825
1779757108,checkoutservice,productcatalogservice,0.009868887704578406,913.753898151781,5.287910906986384,2026-05-26 00:58:28+00:00,2,7,0.00034913517822800975,0.010664613938558248,0.009459997524436353
1779757108,checkoutservice,shippingservice,0.008949999999999996,606.5611111111111,4.799999999999999,2026-05-26 00:58:28+00:00,2,9,0.000316627358490566,0.007079302308014264,0.008587131840156666
1779757108,frontend,adservice,0.013650000000000067,3556.616666666666,25.577777777777776,2026-05-26 00:58:28+00:00,5,0,0.00048290094339622895,0.04151002119297276,0.04575828124083483
1779757108,frontend,cartservice,0.022710667349905737,5147.387624528736,42.331917131450496,2026-05-26 00:58:28+00:00,5,1,0.0008034434203976089,0.0600762436349059,0.07573119863632334
1779757108,frontend,checkoutservice,0.23031249999999995,567.6111111111111,2.355555555555555,2026-05-26 00:58:28+00:00,5,2,0.008147847877358491,0.006624708665517053,0.0042140554400768825
1779757108,frontend,currencyservice,0.015322945205479428,24779.699999999997,232.79999999999995,2026-05-26 00:58:28+00:00,5,3,0.000542085325665546,0.2892090907057289,0.4164758942475983
1779757108,frontend,productcatalogservice,0.012433810186847168,37073.020312468296,164.73002786476712,2026-05-26 00:58:28+00:00,5,7,0.00043987536038374433,0.43268701777196555,0.29469968068904934
1779757108,frontend,recommendationservice,0.041500000000000044,3087.8777777777777,21.911111111111108,2026-05-26 00:58:28+00:00,5,8,0.0014681603773584926,0.03603927102917057,0.03919866664071515
1779757108,frontend,shippingservice,0.009913333333333335,1162.7444444444443,10.444444444444443,2026-05-26 00:58:28+00:00,5,9,0.0003507075471698115,0.013570634975440208,0.018684962800340894
1779757108,recommendationservice,productcatalogservice,0.010287358830580972,17268.59551300854,21.84087874105376,2026-05-26 00:58:28+00:00,8,7,0.00036393958127055336,0.20154541039973164,0.03907302192797992
1779757123,checkoutservice,cartservice,0.014000000000000038,569.2277777777778,5.333333333333332,2026-05-26 00:58:43+00:00,2,1,0.0004952830188679261,0.006643577122223184,0.009541257600174073
1779757123,checkoutservice,currencyservice,0.013649999999999943,750.1833333333333,7.533333333333332,2026-05-26 00:58:43+00:00,2,3,0.0004829009433962246,0.008755547472161732,0.013477026360245878
1779757123,checkoutservice,emailservice,0.009976923076923076,458.54444444444437,2.5555555555555554,2026-05-26 00:58:43+00:00,2,4,0.00035295718432510893,0.00535176865845597,0.00457185260008341
1779757123,checkoutservice,paymentservice,0.009808333333333334,331.79999999999995,2.711111111111111,2026-05-26 00:58:43+00:00,2,6,0.000346992924528302,0.003872507588718219,0.004850139280088487
1779757123,checkoutservice,productcatalogservice,0.009640624999999995,794.9333333333333,4.7333333333333325,2026-05-26 00:58:43+00:00,2,7,0.00034105984669811315,0.009277834134594343,0.00846786612015449
1779757123,checkoutservice,shippingservice,0.008811111111111112,592.5388888888888,5.377777777777777,2026-05-26 00:58:43+00:00,2,9,0.00031171383647798755,0.006915646003112971,0.009620768080175524
1779757123,frontend,adservice,0.009877580548671052,3730.2857222567873,26.1099536831294,2026-05-26 00:58:43+00:00,5,0,0.0003494427080897779,0.043536949269218306,0.0467103363786284
1779757123,frontend,cartservice,0.022747169811320744,5130.955555555554,41.888888888888886,2026-05-26 00:58:43+00:00,5,1,0.0008047347810608757,0.05988446150170221,0.07493862740136721
1779757123,frontend,checkoutservice,0.22125000000000009,613.8888888888888,2.733333333333333,2026-05-26 00:58:43+00:00,5,2,0.007827240566037742,0.007164826343737244,0.004889894520089213
1779757123,frontend,currencyservice,0.01575980392156856,25108.977777777774,236.22222222222217,2026-05-26 00:58:43+00:00,5,3,0.0005575402330743596,0.29305216090838326,0.42259820120770997
1779757123,frontend,productcatalogservice,0.011448734177215116,37141.399999999994,164.37777777777774,2026-05-26 00:58:43+00:00,5,7,0.0004050259732505349,0.4334850914877,0.29406951028536504
1779757123,frontend,recommendationservice,0.03434078511945878,3110.0325058707617,21.734057826077294,2026-05-26 00:58:43+00:00,5,8,0.0012148862660185894,0.036297843520629494,0.03888192082794052
1779757123,frontend,shippingservice,0.009827906976744185,1094.6333333333332,9.866666666666665,2026-05-26 00:58:43+00:00,5,9,0.00034768538832821423,0.012775695871601125,0.017651326560322037
1779757123,recommendationservice,productcatalogservice,0.009955171238290294,17358.96468653466,21.734057826077294,2026-05-26 00:58:43+00:00,8,7,0.0003521876617319681,0.20260012803163668,0.03888192082794052
1779757138,checkoutservice,cartservice,0.019099999999999995,598.05,5.244444444444444,2026-05-26 00:58:58+00:00,2,1,0.0006757075471698114,0.006979967340063083,0.009382236640171172
1779757138,checkoutservice,currencyservice,0.00983749241621164,758.533260735901,7.1334711202969086,2026-05-26 00:58:58+00:00,2,3,0.000348024495856544,0.008853001231148138,0.01276167853915409
1779757138,checkoutservice,emailservice,0.009964516129032258,498.84999999999997,2.644444444444444,2026-05-26 00:58:58+00:00,2,4,0.0003525182592818017,0.005822183274961072,0.004730873560086311
1779757138,checkoutservice,paymentservice,0.009798275862068965,343.4055555555555,2.622222222222222,2026-05-26 00:58:58+00:00,2,6,0.0003466371177618739,0.004007958468646428,0.004691118320085586
1779757138,checkoutservice,productcatalogservice,0.009325031105581229,715.8363234190465,4.35536200971679,2026-05-26 00:58:58+00:00,2,7,0.0003298949683578266,0.008354676295118768,0.007791680789384955
1779757138,checkoutservice,shippingservice,0.008016666666666655,644.4944444444443,5.199999999999999,2026-05-26 00:58:58+00:00,2,9,0.0002836084905660374,0.007522030220005556,0.009302726160169722
1779757138,frontend,adservice,0.011774999999999845,3645.0,25.866666666666664,2026-05-26 00:58:58+00:00,5,0,0.00041656839622640973,0.0425415616662987,0.04627509936084426
1779757138,frontend,cartservice,0.02256923076923074,5142.394444444444,42.3111111111111,2026-05-26 00:58:58+00:00,5,1,0.0007984397677793897,0.06001796717990814,0.07569397696138097
1779757138,frontend,checkoutservice,0.19199999999999953,608.1666666666665,2.622222222222222,2026-05-26 00:58:58+00:00,5,2,0.006792452830188665,0.007098041084605575,0.004691118320085586
1779757138,frontend,currencyservice,0.01778847350410759,25201.48523012645,235.55954396959794,2026-05-26 00:58:58+00:00,5,3,0.00062930920415475,0.2941318348421784,0.4214126792237748
1779757138,frontend,productcatalogservice,0.009949469997819467,36594.00977998973,165.97065213097915,2026-05-26 00:58:58+00:00,5,7,0.0003519859669039907,0.4270963850953555,0.29691913988447854
1779757138,frontend,recommendationservice,0.02887499999999992,3051.7111111111108,22.288888888888884,2026-05-26 00:58:58+00:00,5,8,0.001021521226415092,0.03561716225543546,0.039874505720727475
1779757138,frontend,shippingservice,0.009864912280701752,1102.5499999999997,10.444444444444443,2026-05-26 00:58:58+00:00,5,9,0.0003489945382323734,0.0128680929534095,0.018684962800340894
1779757138,recommendationservice,productcatalogservice,0.009849455953107124,16996.16138365525,21.73236560413951,2026-05-26 00:58:58+00:00,8,7,0.00034844773419011066,0.1983657743739738,0.038878893466923324
1779757153,checkoutservice,cartservice,0.019399813308441125,568.7726912049077,5.022702318241426,2026-05-26 00:59:13+00:00,2,1,0.0006863141500627759,0.00663826571111118,0.008985543125124928
1779757153,checkoutservice,currencyservice,0.009725641025641026,703.3611111111111,7.044444444444444,2026-05-26 00:59:13+00:00,2,3,0.0003440674891146591,0.008209075468315421,0.012602411080229923
1779757153,checkoutservice,emailservice,0.009977777777777776,458.14999999999986,2.5777777777777775,2026-05-26 00:59:13+00:00,2,4,0.0003529874213836479,0.005347165014379903,0.004611607840084135
1779757153,checkoutservice,paymentservice,0.00976458333333333,325.45,2.622222222222222,2026-05-26 00:59:13+00:00,2,6,0.0003454451650943396,0.00379839540309929,0.004691118320085586
1779757153,checkoutservice,productcatalogservice,0.009211348027389672,764.2931054169076,4.734412859409522,2026-05-26 00:59:13+00:00,2,7,0.00032587316134633285,0.00892022558990955,0.008469797376975558
1779757153,checkoutservice,shippingservice,0.008133333333333333,629.1111111111111,4.977777777777777,2026-05-26 00:59:13+00:00,2,9,0.00028773584905660384,0.007342488101038965,0.008905173760162468
1779757153,frontend,adservice,0.009925517241379307,3534.616666666666,24.177777777777777,2026-05-26 00:59:13+00:00,5,0,0.00035113858165256994,0.041253254565631586,0.043253701120789134
1779757153,frontend,cartservice,0.021812311276794016,5076.088174301527,41.381911937943144,2026-05-26 00:59:13+00:00,5,1,0.0007716619555469584,0.05924409275462771,0.07403165283518143
1779757153,frontend,checkoutservice,0.22621428571428576,582.9999999999999,2.622222222222222,2026-05-26 00:59:13+00:00,5,2,0.008002863881401623,0.0068043156245410534,0.004691118320085586
1779757153,frontend,currencyservice,0.015294444444444508,24683.894444444442,228.59999999999997,2026-05-26 00:59:13+00:00,5,3,0.0005410770440251597,0.28809092391570407,0.4089621538874612
1779757153,frontend,productcatalogservice,0.009697751739300906,36771.80631181695,168.39441849429838,2026-05-26 00:59:13+00:00,5,7,0.0003430808398337586,0.4291714858149116,0.3012552234910534
1779757153,frontend,recommendationservice,0.024891294117647064,3180.7777777777774,22.333333333333332,2026-05-26 00:59:13+00:00,5,8,0.0008805882352941181,0.03712352646917034,0.039954016200728935
1779757153,frontend,shippingservice,0.00968333333333333,1196.3111111111111,10.888888888888888,2026-05-26 00:59:13+00:00,5,9,0.0003425707547169811,0.013962398602307724,0.0194800676003554
1779757153,recommendationservice,productcatalogservice,0.009609476823367578,17757.741222177734,22.471877455995966,2026-05-26 00:59:13+00:00,8,7,0.00033995790648706065,0.2072543328552671,0.040201869668850365
1779757168,checkoutservice,cartservice,0.019686093787193555,642.270130326928,5.176889185086452,2026-05-26 00:59:28+00:00,2,1,0.0006964419971884515,0.007496069782091828,0.009261381240462203
1779757168,checkoutservice,currencyservice,0.00983061224489796,794.3333333333333,8.133333333333333,2026-05-26 00:59:28+00:00,2,3,0.00034778109356950346,0.00927083140839413,0.014550417840265463
1779757168,checkoutservice,emailservice,0.009765384615384615,521.3833333333332,2.5999999999999996,2026-05-26 00:59:28+00:00,2,4,0.00034547351233672,0.006085174547813544,0.004651363080084861
1779757168,checkoutservice,paymentservice,0.009699999999999999,339.7388888888888,2.533333333333333,2026-05-26 00:59:28+00:00,2,6,0.00034316037735849066,0.003965164030756233,0.004532097360082686
1779757168,checkoutservice,productcatalogservice,0.014800216647409102,1002.3054691434835,5.866536307883743,2026-05-26 00:59:28+00:00,2,7,0.0005235925700734354,0.011698117948981058,0.010495150150179922
1779757168,checkoutservice,shippingservice,0.00824285714285714,705.4222222222222,5.111111111111111,2026-05-26 00:59:28+00:00,2,9,0.00029161051212938006,0.008233131129614303,0.00914370520016682
1779757168,frontend,adservice,0.010134544234256838,3442.0232558943508,24.423304787586055,2026-05-26 00:59:28+00:00,5,0,0.0003585334045138034,0.04017257739299417,0.04369294545486062
1779757168,frontend,cartservice,0.021279962509865833,5081.808099152135,42.12634307082824,2026-05-26 00:59:28+00:00,5,1,0.0007528288623773293,0.059310851200652055,0.07536342956101508
1779757168,frontend,checkoutservice,0.2399999999999999,657.8333333333333,2.511111111111111,2026-05-26 00:59:28+00:00,5,2,0.008490566037735849,0.007677711197845495,0.00449234212008196
1779757168,frontend,currencyservice,0.014345161290322572,23924.527777777774,225.02222222222218,2026-05-26 00:59:28+00:00,5,3,0.0005074939135727327,0.27922819582864455,0.4025615602473444
1779757168,frontend,productcatalogservice,0.009733708662317138,36442.469654549226,168.19632427734817,2026-05-26 00:59:28+00:00,5,7,0.0003443529007895215,0.42532772841734573,0.3009008357498609
1779757168,frontend,recommendationservice,0.02713749512688264,3156.651243139956,22.664903977899733,2026-05-26 00:59:28+00:00,5,8,0.0009600528936397165,0.03684194060878927,0.040547191375565894
1779757168,frontend,shippingservice,0.009785227272727284,1204.8722222222223,10.866666666666665,2026-05-26 00:59:28+00:00,5,9,0.0003461754931389371,0.01406231713077559,0.019440312360354674
1779757168,recommendationservice,productcatalogservice,0.009325797941602189,17756.761529902134,22.50884476341016,2026-05-26 00:59:28+00:00,8,7,0.0003299220969906436,0.2072428986606563,0.040268003656879804
1779757183,checkoutservice,cartservice,0.01667500000000007,593.4499999999999,5.244444444444444,2026-05-26 00:59:43+00:00,2,1,0.0005899174528301914,0.0069262797725281105,0.009382236640171172
1779757183,checkoutservice,currencyservice,0.009925892857142857,873.6666666666665,8.755555555555555,2026-05-26 00:59:43+00:00,2,3,0.0003511518699460918,0.010196747428200172,0.01566356456028577
1779757183,checkoutservice,emailservice,0.00969167589448072,473.875056848062,2.555472598123088,2026-05-26 00:59:43+00:00,2,4,0.00034286589249342186,0.005530695460362863,0.004571704190414719
1779757183,checkoutservice,paymentservice,0.009643750000000003,328.08888888888885,2.5999999999999996,2026-05-26 00:59:43+00:00,2,6,0.00034117040094339645,0.0038291944303687486,0.004651363080084861
1779757183,checkoutservice,productcatalogservice,0.019899553174462,987.0018179303257,6.333941944790245,2026-05-26 00:59:43+00:00,2,7,0.0007039936264550239,0.01151950581679887,0.011331332197460867
1779757183,checkoutservice,shippingservice,0.008599999999999998,655.5277777777777,5.244444444444444,2026-05-26 00:59:43+00:00,2,9,0.00030424528301886797,0.007650802574020599,0.009382236640171172
1779757183,frontend,adservice,0.009886013986013981,3562.761111111111,24.955555555555552,2026-05-26 00:59:43+00:00,5,0,0.0003497410608259664,0.04158173429646755,0.04464513452081452
1779757183,frontend,cartservice,0.02123051948051951,5203.894444444444,42.977777777777774,2026-05-26 00:59:43+00:00,5,1,0.0007510796986032848,0.060735746615430054,0.07688663416140275
1779757183,frontend,checkoutservice,0.24185714285714288,633.2222222222222,2.622222222222222,2026-05-26 00:59:43+00:00,5,2,0.00855626684636119,0.007390469743521911,0.004691118320085586
1779757183,frontend,currencyservice,0.011228301886792613,24115.86111111111,229.75555555555553,2026-05-26 00:59:43+00:00,5,3,0.00039722766108936147,0.2814612874058239,0.41102942636749895
1779757183,frontend,productcatalogservice,0.009710872241374017,37236.918035054434,169.52624735708497,2026-05-26 00:59:43+00:00,5,7,0.00034354500853917523,0.4345999025654811,0.3032800492546457
1779757183,frontend,recommendationservice,0.03392187500000003,3242.3277777777776,22.51111111111111,2026-05-26 00:59:43+00:00,5,8,0.0012000663325471713,0.03784188946520894,0.040272058120734734
1779757183,frontend,shippingservice,0.015225000000000006,1219.7055555555555,10.577777777777776,2026-05-26 00:59:43+00:00,5,9,0.0005386202830188683,0.014235440084058651,0.018923494240345243
1779757183,recommendationservice,productcatalogservice,0.009408408020965105,18072.48335408145,22.757499950599716,2026-05-26 00:59:43+00:00,8,7,0.0003328446233831996,0.21092775447758927,0.040712844255866375
1779757198,checkoutservice,cartservice,0.013800124438913867,592.328385144694,4.822053344591842,2026-05-26 00:59:58+00:00,2,1,0.00048821194948987757,0.006913189169638445,0.008626584960474698
1779757198,checkoutservice,currencyservice,0.010375000000000061,889.3111111111109,8.266666666666666,2026-05-26 00:59:58+00:00,2,3,0.00036704009433962493,0.010379337029865005,0.014788949280269813
1779757198,checkoutservice,emailservice,0.00973095238095238,485.9888888888888,2.3777777777777773,2026-05-26 00:59:58+00:00,2,4,0.00034425539083557963,0.005672078542058341,0.004253810680077607
1779757198,checkoutservice,paymentservice,0.009643333333333334,305.37777777777774,2.333333333333333,2026-05-26 00:59:58+00:00,2,6,0.00034115566037735864,0.0035641282756791754,0.004174300200076157
1779757198,checkoutservice,productcatalogservice,0.020050084994333722,966.0007755038553,5.599900747357584,2026-05-26 00:59:58+00:00,2,7,0.0007093190446108631,0.011274398233412792,0.01001814291861488
1779757198,checkoutservice,shippingservice,0.008879999999999997,639.1444444444444,4.755555555555555,2026-05-26 00:59:58+00:00,2,9,0.00031415094339622645,0.007459589244720318,0.008507621360155215
1779757198,frontend,adservice,0.014807962536927153,3668.6755881409067,25.81933397516601,2026-05-26 00:59:58+00:00,5,0,0.0005238665991837439,0.04281788443526503,0.04619042184787226
1779757198,frontend,cartservice,0.021824299443526072,5355.768008415821,44.21581847887175,2026-05-26 00:59:58+00:00,5,1,0.000772086065219083,0.06250829492466706,0.07910147139552233
1779757198,frontend,checkoutservice,0.24091652676278888,613.9474190920535,2.2886321558172256,2026-05-26 00:59:58+00:00,5,2,0.008522990333589232,0.007165509462049253,0.004094330428255103
1779757198,frontend,currencyservice,0.012634588489350474,24998.433340739095,237.86219852378483,2026-05-26 00:59:58+00:00,5,3,0.00044697836636853106,0.2917619735324855,0.4255320955235956
1779757198,frontend,productcatalogservice,0.00973824286833585,37800.60150865813,171.60023852335308,2026-05-26 00:59:58+00:00,5,7,0.0003445133090213156,0.44117877094753466,0.3069903900004925
1779757198,frontend,recommendationservice,0.0350289389067524,3177.7261065442244,22.819679577377865,2026-05-26 00:59:58+00:00,5,8,0.0012392313292483165,0.03708790977233427,0.040824082725223816
1779757198,frontend,shippingservice,0.013208917381449881,1194.9941506825644,11.132094102545112,2026-05-26 00:59:58+00:00,5,9,0.0004672966054758214,0.013947028080145009,0.01991515827408029
1779757198,recommendationservice,productcatalogservice,0.00952408907307415,17845.23235710212,22.644093356739177,2026-05-26 00:59:58+00:00,8,7,0.0003369371134342271,0.20827546029330282,0.0405099614698198
1779757213,checkoutservice,cartservice,0.01619983702496476,454.81793964761516,3.80021483868578,2026-05-26 01:00:13+00:00,2,1,0.0005731074419209234,0.005308275837162673,0.006798530383482186
1779757213,checkoutservice,currencyservice,0.009872915767818487,764.1541028451793,6.555371868179618,2026-05-26 01:00:13+00:00,2,3,0.0003492776804652768,0.008918603261657986,0.011727467186106769
1779757213,checkoutservice,emailservice,0.00974722222222222,387.15,1.9777777777777774,2026-05-26 01:00:13+00:00,2,4,0.00034483097484276734,0.00451850908068794,0.003538216360064552
1779757213,checkoutservice,paymentservice,0.012099999999999977,249.1555555555555,1.844444444444444,2026-05-26 01:00:13+00:00,2,6,0.0004280660377358484,0.0029079468946961802,0.0032996849200602
1779757213,checkoutservice,productcatalogservice,0.020714210910475706,756.3528830349607,4.132812106673774,2026-05-26 01:00:13+00:00,2,7,0.0007328140652290936,0.008827553584393577,0.007393542173042358
1779757213,checkoutservice,shippingservice,0.009099999999999999,519.5611111111111,3.822222222222222,2026-05-26 01:00:13+00:00,2,9,0.000321933962264151,0.006063907008983267,0.006837901280124753
1779757213,frontend,adservice,0.015846072072472135,3654.677800839086,25.652695706650288,2026-05-26 01:00:13+00:00,5,0,0.0005605921723751937,0.04265451331545923,0.04589230835175561
1779757213,frontend,cartservice,0.022432481218449384,5437.829280413873,44.98027929029151,2026-05-26 01:00:13+00:00,5,1,0.0007936019298979738,0.06346604929040645,0.0804690809318337
1779757213,frontend,checkoutservice,0.2368,480.2222222222222,1.8666666666666665,2026-05-26 01:00:13+00:00,5,2,0.00837735849056604,0.005604774562467398,0.003339440160060926
1779757213,frontend,currencyservice,0.015997468651966305,25485.23814870777,238.70572887348285,2026-05-26 01:00:13+00:00,5,3,0.0005659481834422044,0.2974435748377393,0.42704115934110193
1779757213,frontend,productcatalogservice,0.009784979852915189,38671.67024096861,178.48889382474738,2026-05-26 01:00:13+00:00,5,7,0.00034616674007954693,0.4513451973374306,0.31931409651600645
1779757213,frontend,recommendationservice,0.03804533479870062,3316.669875451255,23.26718224513682,2026-05-26 01:00:13+00:00,5,8,0.0013459434480672394,0.03870955172380379,0.04162465864332131
1779757213,frontend,shippingservice,0.009966666666666667,1294.8555555555554,11.799999999999999,2026-05-26 01:00:13+00:00,5,9,0.00035259433962264166,0.015112531540635426,0.02111003244038514
1779757213,recommendationservice,productcatalogservice,0.009656963516275903,18461.590498315145,23.352932915179615,2026-05-26 01:00:13+00:00,8,7,0.00034163786024560993,0.21546910580028203,0.04177806537437115
1779757228,checkoutservice,cartservice,0.019375000000000028,385.8277777777778,3.2888888888888888,2026-05-26 01:00:28+00:00,2,1,0.0006854363207547182,0.004503077147024507,0.005883775520107346
1779757228,checkoutservice,currencyservice,0.009789705882352938,564.1444444444444,5.266666666666666,2026-05-26 01:00:28+00:00,2,3,0.00034633393451720314,0.006584248469693595,0.009421991880171897
1779757228,checkoutservice,emailservice,0.009779407104703786,320.87455126638076,1.666721485136046,2026-05-26 01:00:28+00:00,2,4,0.00034596959096829444,0.0037449943785582062,0.002981741069517697
1779757228,checkoutservice,paymentservice,0.013900000000000044,212.0611111111111,1.7111111111111108,2026-05-26 01:00:28+00:00,2,6,0.0004917452830188697,0.002475009831373705,0.0030611534800558484
1779757228,checkoutservice,productcatalogservice,0.020290359904025602,596.7481782635741,3.4219970970704106,2026-05-26 01:00:28+00:00,2,7,0.0007178193362273211,0.006964773504760288,0.006121904214411876
1779757228,checkoutservice,shippingservice,0.009166666666666672,429.7444444444444,3.2888888888888888,2026-05-26 01:00:28+00:00,2,9,0.000324292452830189,0.005015637800845709,0.005883775520107346
1779757228,frontend,adservice,0.015599999999999935,3543.2555555555555,25.04444444444444,2026-05-26 01:00:28+00:00,5,0,0.0005518867924528281,0.04135408085490319,0.04480415548081742
1779757228,frontend,cartservice,0.022208252427184504,5534.644444444444,44.57777777777777,2026-05-26 01:00:28+00:00,5,1,0.0007856693075654898,0.0645959994332979,0.07974901144145495
1779757228,frontend,checkoutservice,0.23593750000000005,407.16666666666663,1.6888888888888887,2026-05-26 01:00:28+00:00,5,2,0.00834684551886793,0.004752127807533961,0.003021398240055123
1779757228,frontend,currencyservice,0.01773665048543676,25337.216666666667,236.8222222222222,2026-05-26 01:00:28+00:00,5,3,0.0006274758426451687,0.29571598498693313,0.4236715926877296
1779757228,frontend,productcatalogservice,0.009816198659569633,38678.03421457981,180.16590538819275,2026-05-26 01:00:28+00:00,5,7,0.00034727117899420885,0.451419472612005,0.32231424638950074
1779757228,frontend,recommendationservice,0.038736842105263264,3330.433333333333,23.42222222222222,2026-05-26 01:00:28+00:00,5,8,0.0013704071499503518,0.0388701879356644,0.04190202296076447
1779757228,frontend,shippingservice,0.009656862745098041,1364.1999999999998,12.266666666666666,2026-05-26 01:00:28+00:00,5,9,0.00034163429522752515,0.015921865137219392,0.02194489248040037
1779757228,recommendationservice,productcatalogservice,0.009620388671548054,18530.85813264611,23.354015225569476,2026-05-26 01:00:28+00:00,8,7,0.000340343938851936,0.2162775429298758,0.04178000161228984
1779757243,checkoutservice,cartservice,0.01764987749387467,515.7012545280796,4.244583712988273,2026-05-26 01:00:43+00:00,2,1,0.0006244060434153777,0.006018857810944829,0.007593499989585835
1779757243,checkoutservice,currencyservice,0.009878205128205125,613.0666666666666,6.799999999999999,2026-05-26 01:00:43+00:00,2,3,0.00034946480406386065,0.007155230015240655,0.012165103440221944
1779757243,checkoutservice,emailservice,0.009814583333333331,376.54444444444437,1.9999999999999998,2026-05-26 01:00:43+00:00,2,4,0.000347214033018868,0.004394729411093421,0.0035779716000652775
1779757243,checkoutservice,paymentservice,0.010150000000000381,292.08888888888885,2.1111111111111107,2026-05-26 01:00:43+00:00,2,6,0.0003590801886792589,0.003409030858355922,0.003776747800068904
1779757243,checkoutservice,productcatalogservice,0.01819024262892441,808.8274814041272,5.355330899144083,2026-05-26 01:00:43+00:00,2,7,0.0006435227345138355,0.009439995659136008,0.009580610933044789
1779757243,checkoutservice,shippingservice,0.009049999999999989,551.6888888888889,4.31111111111111,2026-05-26 01:00:43+00:00,2,9,0.00032016509433962234,0.00643887706098175,0.007712516560140708
1779757243,frontend,adservice,0.009961713176675048,3513.296304116964,24.80276110740658,2026-05-26 01:00:43+00:00,5,0,0.0003524190982314287,0.0410044201299235,0.04437178742275218
1779757243,frontend,cartservice,0.022374331907740266,5376.221488782367,43.584051043130216,2026-05-26 01:00:43+00:00,5,1,0.000791544760887038,0.06274701179608101,0.07797124842405768
1779757243,frontend,checkoutservice,0.236636498636226,540.1049986416733,2.155792645279198,2026-05-26 01:00:43+00:00,5,2,0.008371574244206112,0.0063036790414241215,0.0038566824302192853
1779757243,frontend,currencyservice,0.017711227544238102,24891.70650514929,233.07023783062903,2026-05-26 01:00:43+00:00,5,3,0.0006265764461404991,0.2905163421860678,0.4169593458892253
1779757243,frontend,productcatalogservice,0.009815917906951382,38478.32310244324,178.9457866773475,2026-05-26 01:00:43+00:00,5,7,0.0003472612467081858,0.449088602216284,0.3201314713414445
1779757243,frontend,recommendationservice,0.037367727454553454,3374.056644686473,23.024770936751374,2026-05-26 01:00:43+00:00,5,8,0.0013219714901375047,0.03937932477791893,0.04119098825485241
1779757243,frontend,shippingservice,0.009775057222985191,1324.1974698081053,11.356829912820132,2026-05-26 01:00:43+00:00,5,9,0.00034581570364334413,0.015454987193470021,0.020317207447421128
1779757243,recommendationservice,productcatalogservice,0.009494209918767154,18820.02559280902,23.4435147125262,2026-05-26 01:00:43+00:00,8,7,0.0003358800678809136,0.21965247717909595,0.04194011492356562
1779757258,checkoutservice,cartservice,0.009898165337816267,559.2407473265664,4.711624805512336,2026-05-26 01:00:58+00:00,2,1,0.0003501709435548209,0.0065270163892181335,0.008429029872143114
1779757258,checkoutservice,currencyservice,0.011950020001333413,760.9134239092857,7.800152112286523,2026-05-26 01:00:58+00:00,2,3,0.00042276014155660677,0.008880780616173214,0.013954361366975185
1779757258,checkoutservice,emailservice,0.009817857142857142,443.8611111111111,2.355555555555555,2026-05-26 01:00:58+00:00,2,4,0.0003473298517520217,0.005180396386722961,0.0042140554400768825
1779757258,checkoutservice,paymentservice,0.009775005763552681,311.9802783518136,2.4221407461724773,2026-05-26 01:00:58+00:00,2,6,0.00034581388314455254,0.003641187448607054,0.004333175400583022
1779757258,checkoutservice,productcatalogservice,0.009868464664781538,891.6133005495615,5.889444137660872,2026-05-26 01:00:58+00:00,2,7,0.0003491202121974602,0.01040620636702916,0.01053613193236077
1779757258,checkoutservice,shippingservice,0.00851428571428571,593.05,4.71111111111111,2026-05-26 01:00:58+00:00,2,9,0.0003012129380053908,0.006921611288394635,0.008428110880153765
1779757258,frontend,adservice,0.00975461637334477,3472.994259551758,24.635545371626883,2026-05-26 01:00:58+00:00,5,0,0.00034509256037776326,0.04053404649092525,0.0440726408459003
1779757258,frontend,cartservice,0.021978634619117067,5312.010673976933,42.893670198315675,2026-05-26 01:00:58+00:00,5,1,0.0007775460360536701,0.061997593870789194,0.07673616689606994
1779757258,frontend,checkoutservice,0.23249999999999996,590.0555555555554,2.4,2026-05-26 01:00:58+00:00,5,2,0.008225235849056605,0.0068866624974509745,0.004293565920078333
1779757258,frontend,currencyservice,0.015087272662847215,24703.383689414368,231.00511847966732,2026-05-26 01:00:58+00:00,5,3,0.000533747853638463,0.28831838699299284,0.4132648766949822
1779757258,frontend,productcatalogservice,0.009709872658232283,37454.97106897331,170.79589311877123,2026-05-26 01:00:58+00:00,5,7,0.000343509645928029,0.43714484538824744,0.30555142749337405
1779757258,frontend,recommendationservice,0.03013859497499855,3204.960185082293,22.334577916064745,2026-05-26 01:00:58+00:00,5,8,0.0010662238788324962,0.03740576443119629,0.0399562427415624
1779757258,frontend,shippingservice,0.009762790697674417,1255.0777777777776,11.133333333333333,2026-05-26 01:00:58+00:00,5,9,0.0003453817463799913,0.014648276729584216,0.01991737524036338
1779757258,recommendationservice,productcatalogservice,0.009450860508152178,18069.82623004796,22.514711066279844,2026-05-26 01:00:58+00:00,8,7,0.00033434648024123286,0.21089674262411168,0.04027849838941236
1779757273,checkoutservice,cartservice,0.009774539442531122,651.548266820727,5.288655823186087,2026-05-26 01:01:13+00:00,2,1,0.00034579738593860113,0.007604356864615638,0.009461330168939837
1779757273,checkoutservice,currencyservice,0.009972714662040966,908.1427092900383,9.19958324692126,2026-05-26 01:01:13+00:00,2,3,0.0003528083017231475,0.010599124573130793,0.016457923794960295
1779757273,checkoutservice,emailservice,0.009757992952989113,531.7261487867745,2.6443279115930434,2026-05-26 01:01:13+00:00,2,4,0.0003452120148463131,0.006205887722413193,0.004730665084469918
1779757273,checkoutservice,paymentservice,0.00968999724463426,359.5234469382385,2.622018287790186,2026-05-26 01:01:13+00:00,2,6,0.00034280650629602347,0.004196073769109285,0.004690753484282537
1779757273,checkoutservice,productcatalogservice,0.008807693670473776,1130.153108297919,6.777165514259369,2026-05-26 01:01:13+00:00,2,7,0.0003115929364554403,0.013190254636218129,0.01212425286948091
1779757273,checkoutservice,shippingservice,0.00796657777777776,693.1234784068575,5.377544712074975,2026-05-26 01:01:13+00:00,2,9,0.00028183647798742085,0.008089589903705018,0.009620351128942738
1779757273,frontend,adservice,0.009638053097345133,3515.0277777777774,24.977777777777774,2026-05-26 01:01:13+00:00,5,0,0.00034096885957588923,0.0410246285232061,0.04468488976081524
1779757273,frontend,cartservice,0.021554918032786915,5162.9,42.266666666666666,2026-05-26 01:01:13+00:00,5,1,0.0007625560624806695,0.06025729183180619,0.07561446648137954
1779757273,frontend,checkoutservice,0.21925001111061737,681.3526995131297,2.6221056893708212,2026-05-26 01:01:13+00:00,5,2,0.0077564862421209005,0.007952210667444965,0.0046909098444691925
1779757273,frontend,currencyservice,0.009977854671280276,24562.711111111108,229.59999999999997,2026-05-26 01:01:13+00:00,5,3,0.0003529901416726514,0.2866765677434331,0.4107511396874938
1779757273,frontend,productcatalogservice,0.009574397794541781,36764.53999684006,166.215013627207,2026-05-26 01:01:13+00:00,5,7,0.00033871690310878955,0.42908667912446546,0.2973562991313049
1779757273,frontend,recommendationservice,0.024960547945205476,3142.694444444444,22.066666666666663,2026-05-26 01:01:13+00:00,5,8,0.0008830382527784959,0.036679047875628985,0.03947695332072022
1779757273,frontend,shippingservice,0.00958181818181818,1167.0777777777776,10.555555555555554,2026-05-26 01:01:13+00:00,5,9,0.00033897941680960554,0.013621210220219528,0.01888373900034452
1779757273,recommendationservice,productcatalogservice,0.00910893494069181,17637.614824031283,22.13237350396966,2026-05-26 01:01:13+00:00,8,7,0.00032225005686409714,0.20585231239587135,0.03959450191962034
1779757288,checkoutservice,cartservice,0.009873913043478264,578.4444444444443,4.799999999999999,2026-05-26 01:01:28+00:00,2,1,0.00034931296144380663,0.006751146777465356,0.008587131840156666
1779757288,checkoutservice,currencyservice,0.009644444444444438,923.2555555555555,8.42222222222222,2026-05-26 01:01:28+00:00,2,3,0.000341194968553459,0.01077550978063636,0.01506723596027489
1779757288,checkoutservice,emailservice,0.009956250000000002,503.53888888888883,2.533333333333333,2026-05-26 01:01:28+00:00,2,4,0.0003522258254716983,0.005876908283414594,0.004532097360082686
1779757288,checkoutservice,paymentservice,0.009646666666666663,297.9722222222222,2.355555555555555,2026-05-26 01:01:28+00:00,2,6,0.0003412735849056604,0.0034776964791524622,0.0042140554400768825
1779757288,checkoutservice,productcatalogservice,0.008649857943177271,1019.5344760126272,5.7339202347605704,2026-05-26 01:01:28+00:00,2,7,0.0003060091253482526,0.011899201311991419,0.010257901878506476
1779757288,checkoutservice,shippingservice,0.007760000000000003,650.0277777777776,4.71111111111111,2026-05-26 01:01:28+00:00,2,9,0.00027452830188679265,0.007586610917185305,0.008428110880153765
1779757288,frontend,adservice,0.009571559633027527,3578.5722222222216,25.888888888888886,2026-05-26 01:01:28+00:00,5,0,0.0003386164964514456,0.04176626909985466,0.04631485460084498
1779757288,frontend,cartservice,0.019870588235294088,5253.055555555555,43.17777777777778,2026-05-26 01:01:28+00:00,5,1,0.0007029689234184232,0.06130951628344571,0.07724443132140928
1779757288,frontend,checkoutservice,0.20987500000000003,603.6666666666666,2.355555555555555,2026-05-26 01:01:28+00:00,5,2,0.0074248231132075515,0.007045520638103974,0.0042140554400768825
1779757288,frontend,currencyservice,0.009899336149668075,24731.705555555553,231.55555555555554,2026-05-26 01:01:28+00:00,5,3,0.0003502123637854273,0.2886489374497692,0.41424960080755774
1779757288,frontend,productcatalogservice,0.009454331530012558,36683.73768618558,166.79365968609665,2026-05-26 01:01:28+00:00,5,7,0.0003344692758259161,0.4281436183613689,0.2983914887139033
1779757288,frontend,recommendationservice,0.024914589235127477,3129.644444444444,22.466666666666665,2026-05-26 01:01:28+00:00,5,8,0.0008814123550163026,0.03652673858077434,0.04019254764073329
1779757288,frontend,shippingservice,0.009435999999999998,1164.411111111111,10.711111111111109,2026-05-26 01:01:28+00:00,5,9,0.0003338207547169812,0.013590086992663024,0.019162025680349595
1779757288,recommendationservice,productcatalogservice,0.009011139344344292,17436.35913921124,22.179929749677648,2026-05-26 01:01:28+00:00,8,7,0.00031879030699331234,0.20350341496748586,0.0396795793678948
1779757303,checkoutservice,cartservice,0.015200000000000042,526.311111111111,4.31111111111111,2026-05-26 01:01:43+00:00,2,1,0.0005377358490566054,0.00614268767873567,0.007712516560140708
1779757303,checkoutservice,currencyservice,0.009055555555555553,780.5833333333333,7.31111111111111,2026-05-26 01:01:43+00:00,2,3,0.0003203616352201258,0.009110352266305896,0.013079473960238626
1779757303,checkoutservice,emailservice,0.00999375000000001,435.07222222222214,2.177777777777777,2026-05-26 01:01:43+00:00,2,4,0.0003535524764150948,0.005077819415901311,0.0038960135200710793
1779757303,checkoutservice,paymentservice,0.009399985415815916,283.32929491595735,2.1111807453830256,2026-05-26 01:01:43+00:00,2,6,0.00033254665386141225,0.0033067957946601185,0.003776872374792555
1779757303,checkoutservice,productcatalogservice,0.007609927769752179,902.5569359558468,4.955708658986801,2026-05-26 01:01:43+00:00,2,7,0.0002692191427978366,0.01053393183767113,0.008865692420026178
1779757303,checkoutservice,shippingservice,0.006700000000000063,575.7722222222221,4.31111111111111,2026-05-26 01:01:43+00:00,2,9,0.00023702830188679475,0.006719958709851441,0.007712516560140708
1779757303,frontend,adservice,0.009769047619047613,3731.3499999999995,26.511111111111106,2026-05-26 01:01:43+00:00,5,0,0.00034560309973045815,0.043549370678612795,0.04742800132086528
1779757303,frontend,cartservice,0.017534615384615305,5192.655555555555,42.55555555555556,2026-05-26 01:01:43+00:00,5,1,0.0006203283744557304,0.06060457517929087,0.07613128460138897
1779757303,frontend,checkoutservice,0.21324999999999986,538.1111111111111,2.133333333333333,2026-05-26 01:01:43+00:00,5,2,0.0075442216981132055,0.0062804079606732085,0.0038165030400696288
1779757303,frontend,currencyservice,0.009924568434032057,24997.85,235.9111111111111,2026-05-26 01:01:43+00:00,5,3,0.0003511050153549078,0.2917551652400233,0.4220416278476999
1779757303,frontend,productcatalogservice,0.009414160439666962,36890.675342939336,163.84910916027707,2026-05-26 01:01:43+00:00,5,7,0.00033304812876180305,0.43055883127930283,0.29312372963573347
1779757303,frontend,recommendationservice,0.024844715447154473,3067.6055555555554,21.999999999999996,2026-05-26 01:01:43+00:00,5,8,0.0008789404049700878,0.03580266965968372,0.039357687600718054
1779757303,frontend,shippingservice,0.009478000000000004,1101.3833333333332,10.222222222222221,2026-05-26 01:01:43+00:00,5,9,0.00033530660377358517,0.01285447654135353,0.01828741040033364
1779757303,recommendationservice,productcatalogservice,0.008855240140832714,17081.564699164104,21.822834635947203,2026-05-26 01:01:43+00:00,8,7,0.0003132750049822895,0.1993625344324721,0.03904074128016999
1779757318,checkoutservice,cartservice,0.016800121485081042,427.72296055945714,3.8223960648353925,2026-05-26 01:01:58+00:00,2,1,0.000594343920462773,0.004992044637237858,0.006838212282091156
1779757318,checkoutservice,currencyservice,0.009500032680080314,636.6970333165416,6.200274592309439,2026-05-26 01:01:58+00:00,2,3,0.00033608606179529423,0.0074310249946735515,0.011092203201944746
1779757318,checkoutservice,emailservice,0.01855029999999999,367.61715411740295,2.0000869213065853,2026-05-26 01:01:58+00:00,2,4,0.000656260613207547,0.004290537127976607,0.0035781271010484794
1779757318,checkoutservice,paymentservice,0.009622730753223454,244.06247234569838,1.9779313701957704,2026-05-26 01:01:58+00:00,2,6,0.0003404267955149808,0.002848504449306955,0.003538491134719334
1779757318,checkoutservice,productcatalogservice,0.00850826105899253,678.9804160184763,4.0894233850406785,2026-05-26 01:01:58+00:00,2,7,0.00030099980161530184,0.007924523247807725,0.007315920366159181
1779757318,checkoutservice,shippingservice,0.007850099999999997,498.20225057042103,3.8223960648353925,2026-05-26 01:01:58+00:00,2,9,0.0002777158018867925,0.005814623255124929,0.006838212282091156
1779757318,frontend,adservice,0.009888931297709916,3746.1222222222214,26.4,2026-05-26 01:01:58+00:00,5,0,0.00034984426760766225,0.043721780391264356,0.04722922512086167
1779757318,frontend,cartservice,0.021608235294117664,5156.522222222222,42.86666666666666,2026-05-26 01:01:58+00:00,5,1,0.0007644422863485026,0.06018285544590021,0.07668785796139911
1779757318,frontend,checkoutservice,0.2292500111116049,449.4123625803775,1.9556424768621405,2026-05-26 01:01:58+00:00,5,2,0.008110259827061497,0.0052451862102359725,0.003498616621047028
1779757318,frontend,currencyservice,0.011330909090908923,25135.23333333333,237.06666666666663,2026-05-26 01:01:58+00:00,5,3,0.00040085763293309885,0.2933585950197,0.42410890032773757
1779757318,frontend,productcatalogservice,0.009454822779203094,37130.87249007806,164.85892018521207,2026-05-26 01:01:58+00:00,5,7,0.0003344866549246379,0.43336222270511104,0.2949302672200586
1779757318,frontend,recommendationservice,0.024639589041095887,3059.355555555555,21.866666666666664,2026-05-26 01:01:58+00:00,5,8,0.0008716835745670718,0.03570638217443078,0.0391191561607137
1779757318,frontend,shippingservice,0.009787179487179486,1125.7944444444443,10.488888888888887,2026-05-26 01:01:58+00:00,5,9,0.00034624455732946307,0.013139383753610375,0.018764473280342343
1779757318,recommendationservice,productcatalogservice,0.009041216500894515,17287.654073363934,21.846238857897426,2026-05-26 01:01:58+00:00,8,7,0.0003198543573429664,0.20176784686629679,0.03908261110089975
1779757333,checkoutservice,cartservice,0.015,510.37777777777774,4.755555555555555,2026-05-26 01:02:13+00:00,2,1,0.0005306603773584908,0.00595672639408555,0.008507621360155215
1779757333,checkoutservice,currencyservice,0.009617999999999998,623.2222222222222,7.199999999999999,2026-05-26 01:02:13+00:00,2,3,0.0003402594339622642,0.007273757640185015,0.012880697760235
1779757333,checkoutservice,emailservice,0.010899999999999905,391.68333333333334,2.1999999999999997,2026-05-26 01:02:13+00:00,2,4,0.00038561320754716656,0.0045714185675340005,0.003935768760071805
1779757333,checkoutservice,paymentservice,0.009624999999999998,307.42777777777775,2.4666666666666663,2026-05-26 01:02:13+00:00,2,6,0.00034050707547169816,0.0035880542568632393,0.004412831640080509
1779757333,checkoutservice,productcatalogservice,0.010074737508749836,722.069034286603,5.177694820345311,2026-05-26 01:02:13+00:00,2,7,0.00035641760054539525,0.008427419574603093,0.009262822510500306
1779757333,checkoutservice,shippingservice,0.008450000000000003,513.7166666666667,4.844444444444444,2026-05-26 01:02:13+00:00,2,9,0.00029893867924528323,0.005995695268588592,0.008666642320158117
1779757333,frontend,adservice,0.0135399999999999,3609.3999999999996,25.044444444444444,2026-05-26 01:02:13+00:00,5,0,0.0004790094339622608,0.04212606657841935,0.044804155480817426
1779757333,frontend,cartservice,0.02290803571428571,4982.927777777777,41.62222222222222,2026-05-26 01:02:13+00:00,5,1,0.0008104257917789759,0.0581567981720291,0.0744615645213585
1779757333,frontend,checkoutservice,0.23233333333333314,560.7777777777777,2.444444444444444,2026-05-26 01:02:13+00:00,5,2,0.008219339622641505,0.0065449553949035065,0.004373076400079784
1779757333,frontend,currencyservice,0.014920408163265318,24648.35,231.02222222222218,2026-05-26 01:02:13+00:00,5,3,0.0005278446284174053,0.2876760772283988,0.4132954750475403
1779757333,frontend,productcatalogservice,0.009777457353117351,36572.162579161384,162.64172314438295,2026-05-26 01:02:13+00:00,5,7,0.0003459006139074536,0.4268414018192856,0.2909637331981409
1779757333,frontend,recommendationservice,0.02485616966580977,3051.5166666666664,21.71111111111111,2026-05-26 01:02:13+00:00,5,8,0.0008793456249696855,0.03561489285342613,0.038840869480708626
1779757333,frontend,shippingservice,0.009840384615384615,1132.4888888888886,10.42222222222222,2026-05-26 01:02:13+00:00,5,9,0.0003481268142235125,0.013217516022788684,0.018645207560340167
1779757333,recommendationservice,productcatalogservice,0.009703237819268762,17046.94944781459,21.62184002547978,2026-05-26 01:02:13+00:00,8,7,0.00034327492285148937,0.19895853255321838,0.03868116477616068
1779757348,checkoutservice,cartservice,0.009971084337349397,641.3611111111111,5.6,2026-05-26 01:02:28+00:00,2,1,0.00035275062514207784,0.0074854604276266635,0.010018320480182778
1779757348,checkoutservice,currencyservice,0.009630769230769231,856.8333333333333,8.955555555555556,2026-05-26 01:02:28+00:00,2,3,0.0003407111756168361,0.01000028205424973,0.0160213617202923
1779757348,checkoutservice,emailservice,0.018849999999999957,527.5888888888887,2.7777777777777777,2026-05-26 01:02:28+00:00,2,4,0.0006668632075471685,0.0061576008919398285,0.004969405000090663
1779757348,checkoutservice,paymentservice,0.009682499999999997,368.4833333333333,2.844444444444444,2026-05-26 01:02:28+00:00,2,6,0.0003425412735849057,0.0043006464877924,0.0050886707200928395
1779757348,checkoutservice,productcatalogservice,0.00964553694772303,1045.6879646908972,6.199597144465179,2026-05-26 01:02:28+00:00,2,7,0.0003412336184335979,0.012204444179315276,0.011090991257371103
1779757348,checkoutservice,shippingservice,0.008759999999999992,701.2,5.555555555555555,2026-05-26 01:02:28+00:00,2,9,0.0003099056603773583,0.00818385268598317,0.009938810000181326
1779757348,frontend,adservice,0.00997163120567376,3396.272222222222,23.911111111111108,2026-05-26 01:02:28+00:00,5,0,0.00035276997189883594,0.039638607456023045,0.04277663824078043
1779757348,frontend,cartservice,0.02323840000000001,4968.033333333333,42.04444444444444,2026-05-26 01:02:28+00:00,5,1,0.0008221132075471705,0.05798296197811453,0.07521691408137228
1779757348,frontend,checkoutservice,0.23449999999999988,674.5555555555554,2.844444444444444,2026-05-26 01:02:28+00:00,5,2,0.008295990566037734,0.007872879770647748,0.0050886707200928395
1779757348,frontend,currencyservice,0.014010820895522467,24015.08333333333,224.79999999999995,2026-05-26 01:02:28+00:00,5,3,0.000495665833568012,0.28028508876441754,0.40216400784733713
1779757348,frontend,productcatalogservice,0.00985956815631252,36424.30310731953,168.87787552948842,2026-05-26 01:02:28+00:00,5,7,0.00034880547722803735,0.425115702823591,0.30212012126193427
1779757348,frontend,recommendationservice,0.033145833333333104,3182.7777777777774,22.555555555555554,2026-05-26 01:02:28+00:00,5,8,0.001172612028301879,0.03714686888983772,0.04035156860073619
1779757348,frontend,shippingservice,0.009915789473684206,1201.6999999999998,11.155555555555555,2026-05-26 01:02:28+00:00,5,9,0.00035079443892750743,0.014025293457994827,0.019957130480364106
1779757348,recommendationservice,productcatalogservice,0.009793442381425103,17837.11355342279,22.554139636837583,2026-05-26 01:02:28+00:00,8,7,0.0003464661219843788,0.20818070402790345,0.04034903554225574
